<collection xmlns="http://www.loc.gov/MARC21/slim">
<record>
  <leader>02048cjm a2200481 a 4500</leader>
  <controlfield tag="001">5702599</controlfield>
  <controlfield tag="005">20200102165132.0</controlfield>
  <controlfield tag="007">sduzsnznnmlne</controlfield>
  <controlfield tag="008">940421p19921980gw snn   efi             </controlfield>
  <datafield tag="906" ind1=" " ind2=" ">
    <subfield code="a">7</subfield>
    <subfield code="b">cbc</subfield>
    <subfield code="c">orignew</subfield>
    <subfield code="d">3</subfield>
    <subfield code="e">ncip</subfield>
    <subfield code="f">19</subfield>
    <subfield code="g">y-genmusic</subfield>
  </datafield>
  <datafield tag="955" ind1=" " ind2=" ">
    <subfield code="a">vn00 2004-12-08</subfield>
    <subfield code="e">vn76 2004-12-08 retro CD update to MBRS</subfield>
  </datafield>
  <datafield tag="955" ind1=" " ind2=" ">
    <subfield code="a">vl11 04-21-94</subfield>
  </datafield>
  <datafield tag="035" ind1=" " ind2=" ">
    <subfield code="9">(DLC)   94703153</subfield>
  </datafield>
  <datafield tag="010" ind1=" " ind2=" ">
    <subfield code="a">   94703153 </subfield>
  </datafield>
  <datafield tag="024" ind1="1" ind2=" ">
    <subfield code="a">4011407910010</subfield>
  </datafield>
  <datafield tag="028" ind1="0" ind2="0">
    <subfield code="a">FCD 91 001</subfield>
    <subfield code="b">FSM Adagio</subfield>
  </datafield>
  <datafield tag="033" ind1="1" ind2=" ">
    <subfield code="a">19800919</subfield>
    <subfield code="a">19800920</subfield>
    <subfield code="b">6299</subfield>
    <subfield code="c">B3</subfield>
  </datafield>
  <datafield tag="040" ind1=" " ind2=" ">
    <subfield code="a">DLC</subfield>
    <subfield code="c">DLC</subfield>
    <subfield code="d">DLC</subfield>
  </datafield>
  <datafield tag="041" ind1="0" ind2=" ">
    <subfield code="g">engger</subfield>
  </datafield>
  <datafield tag="050" ind1="0" ind2="0">
    <subfield code="a">SDB 12496</subfield>
  </datafield>
  <datafield tag="100" ind1="1" ind2=" ">
    <subfield code="a">Gicquel, Annie.</subfield>
    <subfield code="4">prf</subfield>
  </datafield>
  <datafield tag="245" ind1="1" ind2="0">
    <subfield code="a">Dichter und Maler als Komponisten</subfield>
    <subfield code="h">[sound recording] =</subfield>
    <subfield code="b">Poets and painters as composers.</subfield>
  </datafield>
  <datafield tag="260" ind1=" " ind2=" ">
    <subfield code="a">Germany :</subfield>
    <subfield code="b">FSM Adagio,</subfield>
    <subfield code="c">p1992.</subfield>
  </datafield>
  <datafield tag="300" ind1=" " ind2=" ">
    <subfield code="a">1 sound disc :</subfield>
    <subfield code="b">digital ;</subfield>
    <subfield code="c">4 3/4 in.</subfield>
  </datafield>
  <datafield tag="306" ind1=" " ind2=" ">
    <subfield code="a">001429</subfield>
    <subfield code="a">000505</subfield>
    <subfield code="a">000854</subfield>
    <subfield code="a">000805</subfield>
    <subfield code="a">000411</subfield>
  </datafield>
  <datafield tag="500" ind1=" " ind2=" ">
    <subfield code="a">At head of container title: Zweite Muse.</subfield>
  </datafield>
  <datafield tag="511" ind1="0" ind2=" ">
    <subfield code="a">Annie Gicquel, piano.</subfield>
  </datafield>
  <datafield tag="518" ind1=" " ind2=" ">
    <subfield code="a">Recorded Sept. 19-20, 1980, in Berlin.</subfield>
  </datafield>
  <datafield tag="500" ind1=" " ind2=" ">
    <subfield code="a">Compact disc.</subfield>
  </datafield>
  <datafield tag="500" ind1=" " ind2=" ">
    <subfield code="a">Program notes (6 p.) in English and German.</subfield>
  </datafield>
  <datafield tag="505" ind1="0" ind2=" ">
    <subfield code="a">Sonate (1909) (14:29) ; Prelude gis-Moll (1906) (5:05) / Boris Pasternak -- Sonate Nr. 1 f-Moll / E.T.A. Hoffmann (8:54) -- Fuge 1 (1912) und Fuge III (Gigue) (1921) / Lyonel Feininger (8:04; 4:11).</subfield>
  </datafield>
  <datafield tag="650" ind1=" " ind2="0">
    <subfield code="a">Sonatas (Piano)</subfield>
  </datafield>
  <datafield tag="650" ind1=" " ind2="0">
    <subfield code="a">Piano music.</subfield>
  </datafield>
  <datafield tag="650" ind1=" " ind2="0">
    <subfield code="a">Canons, fugues, etc. (Piano)</subfield>
  </datafield>
  <datafield tag="700" ind1="1" ind2="2">
    <subfield code="a">Pasternak, Boris Leonidovich,</subfield>
    <subfield code="d">1890-1960.</subfield>
    <subfield code="t">Sonata,</subfield>
    <subfield code="m">piano.</subfield>
  </datafield>
  <datafield tag="700" ind1="1" ind2="2">
    <subfield code="a">Pasternak, Boris Leonidovich,</subfield>
    <subfield code="d">1890-1960.</subfield>
    <subfield code="t">Prelude,</subfield>
    <subfield code="m">piano,</subfield>
    <subfield code="r">G minor.</subfield>
  </datafield>
  <datafield tag="700" ind1="1" ind2="2">
    <subfield code="a">Hoffmann, E. T. A.</subfield>
    <subfield code="q">(Ernst Theodor Amadeus),</subfield>
    <subfield code="d">1776-1822.</subfield>
    <subfield code="t">Sonatas,</subfield>
    <subfield code="m">piano,</subfield>
    <subfield code="n">AV 27,</subfield>
    <subfield code="r">F minor.</subfield>
  </datafield>
  <datafield tag="700" ind1="1" ind2="2">
    <subfield code="a">Feininger, Lyonel,</subfield>
    <subfield code="d">1871-1956.</subfield>
    <subfield code="t">Fugues,</subfield>
    <subfield code="m">keyboard instrument,</subfield>
    <subfield code="n">no. 1,</subfield>
    <subfield code="r">E♭ minor.</subfield>
  </datafield>
  <datafield tag="700" ind1="1" ind2="2">
    <subfield code="a">Feininger, Lyonel,</subfield>
    <subfield code="d">1871-1956.</subfield>
    <subfield code="t">Fugues,</subfield>
    <subfield code="m">keyboard instrument,</subfield>
    <subfield code="n">no. 3,</subfield>
    <subfield code="r">G major.</subfield>
  </datafield>
  <datafield tag="740" ind1="0" ind2=" ">
    <subfield code="a">Poets and painters as composers.</subfield>
  </datafield>
  <datafield tag="740" ind1="0" ind2=" ">
    <subfield code="a">Zweite Muse.</subfield>
  </datafield>
  <datafield tag="953" ind1=" " ind2=" ">
    <subfield code="a">TA28</subfield>
  </datafield>
  <datafield tag="991" ind1=" " ind2=" ">
    <subfield code="b">c-RecSound</subfield>
    <subfield code="h">FSM Adagio FCD 91 001</subfield>
    <subfield code="w">MUSIC</subfield>
  </datafield>
</record>