
<record>
  <leader>02055cjm a2200445 a 4500</leader>
  <controlfield tag="001">5793573</controlfield>
  <controlfield tag="005">20200102172154.0</controlfield>
  <controlfield tag="007">sd|fsngnnmmned</controlfield>
  <controlfield tag="008">980901t19971994no uun                   </controlfield>
  <datafield tag="906" ind1=" " ind2=" ">
    <subfield code="a">7</subfield>
    <subfield code="b">cbc</subfield>
    <subfield code="c">orignew</subfield>
    <subfield code="d">3</subfield>
    <subfield code="e">ncip</subfield>
    <subfield code="f">19</subfield>
    <subfield code="g">y-genmusic</subfield>
  </datafield>
  <datafield tag="955" ind1=" " ind2=" ">
    <subfield code="a">vl27 08-31-98</subfield>
  </datafield>
  <datafield tag="010" ind1=" " ind2=" ">
    <subfield code="a">   98706190 </subfield>
  </datafield>
  <datafield tag="028" ind1="0" ind2="2">
    <subfield code="a">NKFCD 50035-2</subfield>
    <subfield code="b">Norsk kulturråds klassikerserie</subfield>
  </datafield>
  <datafield tag="028" ind1="0" ind2="2">
    <subfield code="a">447 949-2</subfield>
    <subfield code="b">Norsk kulturråds klassikerserie</subfield>
  </datafield>
  <datafield tag="033" ind1="1" ind2=" ">
    <subfield code="a">19941017</subfield>
    <subfield code="a">19941019</subfield>
    <subfield code="b">6944</subfield>
    <subfield code="c">O9</subfield>
  </datafield>
  <datafield tag="033" ind1="1" ind2=" ">
    <subfield code="a">19941105</subfield>
    <subfield code="a">19941106</subfield>
    <subfield code="b">6944</subfield>
    <subfield code="c">O9</subfield>
  </datafield>
  <datafield tag="035" ind1=" " ind2=" ">
    <subfield code="9">(DLC)   98706190</subfield>
  </datafield>
  <datafield tag="040" ind1=" " ind2=" ">
    <subfield code="a">DLC</subfield>
    <subfield code="c">DLC</subfield>
  </datafield>
  <datafield tag="050" ind1="0" ind2="0">
    <subfield code="a">Norsk kulturråds klassikerserie NKFCD 50035-2</subfield>
  </datafield>
  <datafield tag="100" ind1="1" ind2=" ">
    <subfield code="a">Reissiger, Friedrich August,</subfield>
    <subfield code="d">1809-1883.</subfield>
  </datafield>
  <datafield tag="240" ind1="1" ind2="0">
    <subfield code="a">Quintet,</subfield>
    <subfield code="m">violins (2), viola, cellos (2),</subfield>
    <subfield code="n">op. 59</subfield>
  </datafield>
  <datafield tag="245" ind1="0" ind2="0">
    <subfield code="a">String quintet, opus 59</subfield>
    <subfield code="h">[sound recording] /</subfield>
    <subfield code="c">Friedrich August Reissiger. Grand sextuor : opus 23 / Carl Arnold.</subfield>
  </datafield>
  <datafield tag="260" ind1=" " ind2=" ">
    <subfield code="a">Olso :</subfield>
    <subfield code="b">Norsk kulturråds klassikerserie,</subfield>
    <subfield code="c">[1997], p1994.</subfield>
  </datafield>
  <datafield tag="300" ind1=" " ind2=" ">
    <subfield code="a">1 sound disc :</subfield>
    <subfield code="b">digital ;</subfield>
    <subfield code="c">4 3/4 in.</subfield>
  </datafield>
  <datafield tag="306" ind1=" " ind2=" ">
    <subfield code="a">002000</subfield>
    <subfield code="a">003200</subfield>
  </datafield>
  <datafield tag="511" ind1="0" ind2=" ">
    <subfield code="a">Norwegian String Quartet, with Hans Josef Groh, violoncello (1st work); Dan Styffe, double bass, Einar Steen-Nøkleberg, piano (2nd work).</subfield>
  </datafield>
  <datafield tag="518" ind1=" " ind2=" ">
    <subfield code="a">Recorded Oct. 17, 19, 1994 (1st work) and Nov. 5-6, 1994 (2nd work) in Studio 11 of the Norwegian Broadcasting Corporation, Oslo, Norway.</subfield>
  </datafield>
  <datafield tag="500" ind1=" " ind2=" ">
    <subfield code="a">Eds. recorded: Edition Norvegica (1st work); Florian Noetzel Verlag (2nd work).</subfield>
  </datafield>
  <datafield tag="500" ind1=" " ind2=" ">
    <subfield code="a">Compact disc.</subfield>
  </datafield>
  <datafield tag="500" ind1=" " ind2=" ">
    <subfield code="a">Durations: 20:00; 32:00.</subfield>
  </datafield>
  <datafield tag="650" ind1=" " ind2="0">
    <subfield code="a">String quintets (Violins (2), viola, cellos (2))</subfield>
  </datafield>
  <datafield tag="650" ind1=" " ind2="0">
    <subfield code="a">Sextets (Piano, violins (2), viola, cello, double bass)</subfield>
  </datafield>
  <datafield tag="700" ind1="1" ind2=" ">
    <subfield code="a">Groh, Hans Josef.</subfield>
    <subfield code="4">prf</subfield>
  </datafield>
  <datafield tag="700" ind1="1" ind2=" ">
    <subfield code="a">Styffe, Dan.</subfield>
    <subfield code="4">prf</subfield>
  </datafield>
  <datafield tag="700" ind1="2" ind2=" ">
    <subfield code="a">Steen-Nøkleberg, Einar,</subfield>
    <subfield code="d">1944-</subfield>
    <subfield code="4">prf</subfield>
  </datafield>
  <datafield tag="700" ind1="1" ind2="2">
    <subfield code="a">Arnold, Karl,</subfield>
    <subfield code="d">1794-1873.</subfield>
    <subfield code="t">Sextet,</subfield>
    <subfield code="m">piano, violins (2), viola, cello, double bass,</subfield>
    <subfield code="n">op. 23,</subfield>
    <subfield code="r">F minor.</subfield>
  </datafield>
  <datafield tag="710" ind1="2" ind2=" ">
    <subfield code="a">Norsk strykekvartett.</subfield>
    <subfield code="4">prf</subfield>
  </datafield>
  <datafield tag="740" ind1="0" ind2="2">
    <subfield code="a">Grand sextuor.</subfield>
  </datafield>
  <datafield tag="953" ind1=" " ind2=" ">
    <subfield code="a">TA28</subfield>
  </datafield>
  <datafield tag="991" ind1=" " ind2=" ">
    <subfield code="b">c-RecSound</subfield>
    <subfield code="h">Norsk kulturråds klassikerserie NKFCD 50035-2</subfield>
    <subfield code="w">MUSIC</subfield>
  </datafield>
</record>