
<record>
  <leader>01605ccm a2200373 a 4500</leader>
  <controlfield tag="001">5796419</controlfield>
  <controlfield tag="005">20200102173048.0</controlfield>
  <controlfield tag="008">980805s1998    gw sna   hi    n        d</controlfield>
  <datafield tag="906" ind1=" " ind2=" ">
    <subfield code="a">7</subfield>
    <subfield code="b">cbc</subfield>
    <subfield code="c">copycat</subfield>
    <subfield code="d">3</subfield>
    <subfield code="e">ncip</subfield>
    <subfield code="f">19</subfield>
    <subfield code="g">y-genmusic</subfield>
  </datafield>
  <datafield tag="955" ind1=" " ind2=" ">
    <subfield code="a">vk07 12-30-98; vn34 01-13-99</subfield>
  </datafield>
  <datafield tag="010" ind1=" " ind2=" ">
    <subfield code="a">   98709796 </subfield>
  </datafield>
  <datafield tag="028" ind1="2" ind2="2">
    <subfield code="a">CV 30.411/01</subfield>
    <subfield code="b">Carus-Verlag</subfield>
  </datafield>
  <datafield tag="035" ind1=" " ind2=" ">
    <subfield code="9">(DLC)   98709796</subfield>
  </datafield>
  <datafield tag="035" ind1=" " ind2=" ">
    <subfield code="a">(OCoLC)39642242</subfield>
  </datafield>
  <datafield tag="040" ind1=" " ind2=" ">
    <subfield code="a">TxHR</subfield>
    <subfield code="c">TxHR</subfield>
    <subfield code="d">NN</subfield>
    <subfield code="d">DLC</subfield>
  </datafield>
  <datafield tag="041" ind1="0" ind2=" ">
    <subfield code="g">gerengfre</subfield>
  </datafield>
  <datafield tag="042" ind1=" " ind2=" ">
    <subfield code="a">lccopycat</subfield>
  </datafield>
  <datafield tag="050" ind1="0" ind2="0">
    <subfield code="a">M612</subfield>
    <subfield code="b">.B2 C maj. 1998</subfield>
  </datafield>
  <datafield tag="100" ind1="1" ind2=" ">
    <subfield code="a">Bach, Heinrich,</subfield>
    <subfield code="d">1615-1692.</subfield>
  </datafield>
  <datafield tag="240" ind1="1" ind2="0">
    <subfield code="a">Sonatas,</subfield>
    <subfield code="m">violins (2), violas (2), continuo,</subfield>
    <subfield code="r">C major</subfield>
  </datafield>
  <datafield tag="245" ind1="0" ind2="0">
    <subfield code="a">Zwei Sonaten à 5, für 5 Streicher und Basso continuo (2 violini, 2 viole da braccio, violone e Basso continuo) /</subfield>
    <subfield code="c">Heinrich Bach ; herausgegeben von Ulrich Konrad.</subfield>
  </datafield>
  <datafield tag="250" ind1=" " ind2=" ">
    <subfield code="a">Erstausg. nach dem Partitur-Buch des Jakob Ludwig (1662).</subfield>
  </datafield>
  <datafield tag="254" ind1=" " ind2=" ">
    <subfield code="a">Partitur.</subfield>
  </datafield>
  <datafield tag="260" ind1=" " ind2=" ">
    <subfield code="a">Stuttgart :</subfield>
    <subfield code="b">Carus-Verlag,</subfield>
    <subfield code="c">c1998.</subfield>
  </datafield>
  <datafield tag="300" ind1=" " ind2=" ">
    <subfield code="a">1 score (19 p.) ;</subfield>
    <subfield code="c">30 cm.</subfield>
  </datafield>
  <datafield tag="440" ind1=" " ind2="0">
    <subfield code="a">Stuttgarter Bach-Ausgaben.</subfield>
    <subfield code="n">Serie A,</subfield>
    <subfield code="p">Bach-Archiv.</subfield>
    <subfield code="n">3. Gruppe,</subfield>
    <subfield code="p">Arnstädter Linie</subfield>
  </datafield>
  <datafield tag="500" ind1=" " ind2=" ">
    <subfield code="a">Edited from a ms. in the Herzog August Bibliothek, Wolfenbüttel (Cod. Guelf. 34.7. Aug. 2o).</subfield>
  </datafield>
  <datafield tag="500" ind1=" " ind2=" ">
    <subfield code="a">Preface in German with translations in English and French.</subfield>
  </datafield>
  <datafield tag="500" ind1=" " ind2=" ">
    <subfield code="a">Kritischer Bericht in German.</subfield>
  </datafield>
  <datafield tag="650" ind1=" " ind2="0">
    <subfield code="a">Sextets (Violins (2), violas (2), cello, continuo)</subfield>
    <subfield code="v">Scores.</subfield>
  </datafield>
  <datafield tag="700" ind1="1" ind2=" ">
    <subfield code="a">Konrad, Ulrich.</subfield>
  </datafield>
  <datafield tag="700" ind1="1" ind2="2">
    <subfield code="a">Bach, Heinrich,</subfield>
    <subfield code="d">1615-1692.</subfield>
    <subfield code="t">Sonatas,</subfield>
    <subfield code="m">violins (2), violas (2), continuo,</subfield>
    <subfield code="r">F major.</subfield>
  </datafield>
  <datafield tag="953" ind1=" " ind2=" ">
    <subfield code="a">TA28</subfield>
  </datafield>
  <datafield tag="991" ind1=" " ind2=" ">
    <subfield code="b">c-Music</subfield>
    <subfield code="h">M612</subfield>
    <subfield code="i">.B2 C maj. 1998</subfield>
    <subfield code="t">Copy 1</subfield>
    <subfield code="w">MUSIC</subfield>
  </datafield>
</record>