
<record>
  <leader>03013cem a2200565 i 4500</leader>
  <controlfield tag="001">5833217</controlfield>
  <controlfield tag="005">20200102142003.0</controlfield>
  <controlfield tag="007">aj aanzn</controlfield>
  <controlfield tag="008">830420s1941    ja ag     b  f  0   jpn  </controlfield>
  <datafield tag="906" ind1=" " ind2=" ">
    <subfield code="a">7</subfield>
    <subfield code="b">cbc</subfield>
    <subfield code="c">orignew</subfield>
    <subfield code="d">u</subfield>
    <subfield code="e">ncip</subfield>
    <subfield code="f">20</subfield>
    <subfield code="g">y-geogmaps</subfield>
  </datafield>
  <datafield tag="925" ind1="0" ind2=" ">
    <subfield code="a">acquire</subfield>
    <subfield code="b">1 shelf copy</subfield>
    <subfield code="x">policy default</subfield>
  </datafield>
  <datafield tag="955" ind1=" " ind2=" ">
    <subfield code="a">ga85 2013-05-03</subfield>
    <subfield code="i">ga16 2020-01-02 sent to CMT</subfield>
  </datafield>
  <datafield tag="010" ind1=" " ind2=" ">
    <subfield code="a">  2013590127</subfield>
  </datafield>
  <datafield tag="034" ind1="1" ind2=" ">
    <subfield code="a">a</subfield>
    <subfield code="b">100000</subfield>
  </datafield>
  <datafield tag="040" ind1=" " ind2=" ">
    <subfield code="a">DLC</subfield>
    <subfield code="b">eng</subfield>
    <subfield code="e">rda</subfield>
    <subfield code="c">DLC</subfield>
    <subfield code="d">DLC</subfield>
  </datafield>
  <datafield tag="050" ind1="0" ind2="0">
    <subfield code="a">G8062.L8 s100</subfield>
    <subfield code="b">.J3</subfield>
  </datafield>
  <datafield tag="052" ind1=" " ind2=" ">
    <subfield code="a">8062</subfield>
    <subfield code="b">L8</subfield>
  </datafield>
  <datafield tag="066" ind1=" " ind2=" ">
    <subfield code="c">$1</subfield>
  </datafield>
  <datafield tag="110" ind1="1" ind2=" ">
    <subfield code="6">880-01</subfield>
    <subfield code="a">Japan.</subfield>
    <subfield code="b">Rikugun.</subfield>
    <subfield code="b">Rikuchi Sokuryōbu,</subfield>
    <subfield code="e">cartographer.</subfield>
  </datafield>
  <datafield tag="880" ind1="1" ind2=" ">
    <subfield code="6">110-01/$1</subfield>
    <subfield code="a">Japan.</subfield>
    <subfield code="b">陸軍.</subfield>
    <subfield code="b">陸地測量部,</subfield>
    <subfield code="e">cartographer.</subfield>
  </datafield>
  <datafield tag="245" ind1="1" ind2="0">
    <subfield code="6">880-02</subfield>
    <subfield code="a">Yōzu (kūchū shashin sokuryō) Rusontō jūmanbun no ichizu /</subfield>
    <subfield code="c">Rikuchi Sokuryōbu, Sanbō Honbu.</subfield>
  </datafield>
  <datafield tag="880" ind1="1" ind2="0">
    <subfield code="6">245-02/$1</subfield>
    <subfield code="a">要圖 (空中寫眞測量) 呂宋島十万分一圖 /</subfield>
    <subfield code="c">陸地測量部, 参謀本部.</subfield>
  </datafield>
  <datafield tag="246" ind1="3" ind2="0">
    <subfield code="6">880-03</subfield>
    <subfield code="a">Rusontō jūmanbun no ichizu</subfield>
  </datafield>
  <datafield tag="880" ind1="3" ind2="0">
    <subfield code="6">246-03/$1</subfield>
    <subfield code="a">呂宋島十万分一圖</subfield>
  </datafield>
  <datafield tag="246" ind1="1" ind2=" ">
    <subfield code="a">Rusontō 1:100,000 zu</subfield>
  </datafield>
  <datafield tag="246" ind1="1" ind2=" ">
    <subfield code="a">Luzon Island 1:100,000 map</subfield>
  </datafield>
  <datafield tag="255" ind1=" " ind2=" ">
    <subfield code="a">Scale 1:100,000.</subfield>
  </datafield>
  <datafield tag="264" ind1=" " ind2="1">
    <subfield code="6">880-04</subfield>
    <subfield code="a">[Japan] :</subfield>
    <subfield code="b">Sanbōbu,</subfield>
    <subfield code="c">Shōwa 16 [1941]</subfield>
  </datafield>
  <datafield tag="880" ind1=" " ind2="1">
    <subfield code="6">264-04/$1</subfield>
    <subfield code="a">[Japan] :</subfield>
    <subfield code="b">参謀部,</subfield>
    <subfield code="c">昭和 16 [1941]</subfield>
  </datafield>
  <datafield tag="300" ind1=" " ind2=" ">
    <subfield code="a">18 maps ;</subfield>
    <subfield code="c">40 x 54 cm or smaller.</subfield>
  </datafield>
  <datafield tag="336" ind1=" " ind2=" ">
    <subfield code="a">cartographic image</subfield>
    <subfield code="b">cri</subfield>
    <subfield code="2">rdacontent</subfield>
  </datafield>
  <datafield tag="337" ind1=" " ind2=" ">
    <subfield code="a">unmediated</subfield>
    <subfield code="b">n</subfield>
    <subfield code="2">rdamedia</subfield>
  </datafield>
  <datafield tag="338" ind1=" " ind2=" ">
    <subfield code="a">sheet</subfield>
    <subfield code="b">nb</subfield>
    <subfield code="2">rdacarrier</subfield>
  </datafield>
  <datafield tag="500" ind1=" " ind2=" ">
    <subfield code="a">Aerial photo survey.</subfield>
  </datafield>
  <datafield tag="500" ind1=" " ind2=" ">
    <subfield code="a">Relief shown by contours and spot heights.</subfield>
  </datafield>
  <datafield tag="500" ind1=" " ind2=" ">
    <subfield code="a">Shows airports, boundaries, railways, ports, rivers, roads, cities and towns, some vegetation features identified.</subfield>
  </datafield>
  <datafield tag="880" ind1=" " ind2=" ">
    <subfield code="6">500-00/$1</subfield>
    <subfield code="a">Confidential &quot;軍事秘密 (戦地二限り極秘) printed in upper right margin.</subfield>
  </datafield>
  <datafield tag="880" ind1=" " ind2=" ">
    <subfield code="6">500-00/$1</subfield>
    <subfield code="a">Sheets individually subtitled and numbered, e.g. &quot;ゴンザーガ&quot; ; &quot;一號.&quot;</subfield>
  </datafield>
  <datafield tag="500" ind1=" " ind2=" ">
    <subfield code="a">&quot;Biko: Honzu wa yaku sanman rokusen sanbyaku nanajūbun no ichi kūchū shashin o moto Shizu Hikō Gakkō ni oite zukasery mono o seieshi jūmanbun no ichi ni shukuzuseru mono nari.&quot;</subfield>
  </datafield>
  <datafield tag="505" ind1="0" ind2=" ">
    <subfield code="a">1 . ゴンザーガ -- 2. アパーリ -- 3. アルカラ -- 4. ツゲガラオ -- 5. イラガン -- 6. カウアヤン -- 7. サンティアゴ -- 8. バヨンボン -- 9. バレル -- 10. ディガラン湾 -- 11. サンニコラス -- 12. サンホセ -- 13. カバナッアン -- 14. サンフェルナンド -- 15. サンガエン -- 16. ロザレス -- 17. ラオアグ -- 18. ビガン.</subfield>
  </datafield>
  <datafield tag="500" ind1=" " ind2=" ">
    <subfield code="a">Includes notes about topographic features and index map to adjoining sheets.</subfield>
  </datafield>
  <datafield tag="500" ind1=" " ind2=" ">
    <subfield code="a">Gaihōzu.</subfield>
    <subfield code="5">DLC</subfield>
  </datafield>
  <datafield tag="500" ind1=" " ind2=" ">
    <subfield code="a">LC copy complete set of 18 maps.</subfield>
    <subfield code="5">DLC</subfield>
  </datafield>
  <datafield tag="500" ind1=" " ind2=" ">
    <subfield code="a">LC copy stamped on: &quot;Army Map Service Library ...&quot; on verso.</subfield>
    <subfield code="5">DLC</subfield>
  </datafield>
  <datafield tag="651" ind1=" " ind2="0">
    <subfield code="a">Luzon (Philippines)</subfield>
    <subfield code="v">Maps.</subfield>
  </datafield>
  <datafield tag="655" ind1=" " ind2="7">
    <subfield code="a">Maps.</subfield>
    <subfield code="2">lcgft</subfield>
  </datafield>
  <datafield tag="655" ind1=" " ind2="7">
    <subfield code="a">Topographic maps.</subfield>
    <subfield code="2">lcgft</subfield>
  </datafield>
  <datafield tag="655" ind1=" " ind2="7">
    <subfield code="a">Military maps.</subfield>
    <subfield code="2">lcgft</subfield>
  </datafield>
  <datafield tag="710" ind1="1" ind2=" ">
    <subfield code="6">880-05</subfield>
    <subfield code="a">Japan.</subfield>
    <subfield code="b">Rikugun.</subfield>
    <subfield code="b">Sanbō Honbu.</subfield>
  </datafield>
  <datafield tag="880" ind1="1" ind2=" ">
    <subfield code="6">710-05/$1</subfield>
    <subfield code="a">Japan.</subfield>
    <subfield code="b">陸軍.</subfield>
    <subfield code="b">参謀本部.</subfield>
  </datafield>
</record>