
<record>
  <leader>00653cam a22002173u 4500</leader>
  <controlfield tag="001">5871041</controlfield>
  <controlfield tag="005">20200102114129.0</controlfield>
  <controlfield tag="008">810213s1823    enk           000 0 eng  </controlfield>
  <datafield tag="906" ind1=" " ind2=" ">
    <subfield code="a">7</subfield>
    <subfield code="b">cbc</subfield>
    <subfield code="c">premunv</subfield>
    <subfield code="d">u</subfield>
    <subfield code="e">ncip</subfield>
    <subfield code="f">19</subfield>
    <subfield code="g">y-gencatlg</subfield>
  </datafield>
  <datafield tag="035" ind1=" " ind2=" ">
    <subfield code="9">(DLC)   07015438</subfield>
  </datafield>
  <datafield tag="010" ind1=" " ind2=" ">
    <subfield code="a">   07015438 </subfield>
  </datafield>
  <datafield tag="040" ind1=" " ind2=" ">
    <subfield code="a">DLC</subfield>
    <subfield code="b">eng</subfield>
    <subfield code="c">CarP</subfield>
    <subfield code="d">DLC</subfield>
  </datafield>
  <datafield tag="050" ind1="0" ind2="0">
    <subfield code="a">PR2357.L9</subfield>
    <subfield code="b">A63</subfield>
  </datafield>
  <datafield tag="100" ind1="1" ind2=" ">
    <subfield code="a">Lamb, Caroline,</subfield>
    <subfield code="c">Lady,</subfield>
    <subfield code="d">1785-1828.</subfield>
  </datafield>
  <datafield tag="245" ind1="1" ind2="0">
    <subfield code="a">Ada Reis,</subfield>
    <subfield code="b">a tale ...</subfield>
  </datafield>
  <datafield tag="260" ind1=" " ind2=" ">
    <subfield code="a">London,</subfield>
    <subfield code="b">J. Murray,</subfield>
    <subfield code="c">1823.</subfield>
  </datafield>
  <datafield tag="300" ind1=" " ind2=" ">
    <subfield code="a">3 v.</subfield>
    <subfield code="c">17 cm.</subfield>
  </datafield>
  <datafield tag="952" ind1=" " ind2=" ">
    <subfield code="a">LAC scc 2020-01-02 update (1 card)</subfield>
  </datafield>
  <datafield tag="984" ind1=" " ind2=" ">
    <subfield code="a">rsl</subfield>
    <subfield code="d">2020-01-02</subfield>
  </datafield>
  <datafield tag="985" ind1=" " ind2=" ">
    <subfield code="a">rblacfederal</subfield>
    <subfield code="d">20200102</subfield>
  </datafield>
  <datafield tag="991" ind1=" " ind2=" ">
    <subfield code="b">c-GenColl</subfield>
    <subfield code="h">PR2357.L9</subfield>
    <subfield code="i">A63</subfield>
    <subfield code="t">Copy 1</subfield>
    <subfield code="w">PREM</subfield>
  </datafield>
</record>