
<record>
  <leader>01185cam a22003371  4500</leader>
  <controlfield tag="001">6398479</controlfield>
  <controlfield tag="005">20200102162511.0</controlfield>
  <controlfield tag="008">791022s1829    enk           000 0 eng  </controlfield>
  <datafield tag="906" ind1=" " ind2=" ">
    <subfield code="a">7</subfield>
    <subfield code="b">cbc</subfield>
    <subfield code="c">oclcrpl</subfield>
    <subfield code="d">u</subfield>
    <subfield code="e">ncip</subfield>
    <subfield code="f">19</subfield>
    <subfield code="g">y-gencatlg</subfield>
  </datafield>
  <datafield tag="035" ind1=" " ind2=" ">
    <subfield code="9">(DLC)   28002745</subfield>
  </datafield>
  <datafield tag="010" ind1=" " ind2=" ">
    <subfield code="a">   28002745 </subfield>
  </datafield>
  <datafield tag="035" ind1=" " ind2=" ">
    <subfield code="a">(OCoLC)5576570</subfield>
  </datafield>
  <datafield tag="040" ind1=" " ind2=" ">
    <subfield code="a">DLC</subfield>
    <subfield code="b">eng</subfield>
    <subfield code="c">OCl</subfield>
    <subfield code="d">DLC</subfield>
  </datafield>
  <datafield tag="050" ind1="0" ind2="0">
    <subfield code="a">PR5205.R6</subfield>
    <subfield code="b">C6</subfield>
  </datafield>
  <datafield tag="100" ind1="1" ind2=" ">
    <subfield code="a">Raffles, Thomas,</subfield>
    <subfield code="d">1788-1863.</subfield>
  </datafield>
  <datafield tag="245" ind1="1" ind2="0">
    <subfield code="a">Cowper&apos;s rose bushes.</subfield>
  </datafield>
  <datafield tag="260" ind1=" " ind2=" ">
    <subfield code="a">Newcastle upon Tyne,</subfield>
    <subfield code="b">Printed by T. &amp; J. Hodgson, for E. Charnly,</subfield>
    <subfield code="c">1829.</subfield>
  </datafield>
  <datafield tag="300" ind1=" " ind2=" ">
    <subfield code="a">4 l.</subfield>
    <subfield code="b">front.</subfield>
    <subfield code="c">20 cm.</subfield>
  </datafield>
  <datafield tag="500" ind1=" " ind2=" ">
    <subfield code="a">In verse; engraved t.-p. with vignette, showing Fenwyke arms.</subfield>
  </datafield>
  <datafield tag="500" ind1=" " ind2=" ">
    <subfield code="a">Editor&apos;s note signed: J. F.</subfield>
  </datafield>
  <datafield tag="500" ind1=" " ind2=" ">
    <subfield code="a">L.C. copy has frontispiece apparently belonging to another work.</subfield>
    <subfield code="5">DLC</subfield>
  </datafield>
  <datafield tag="600" ind1="1" ind2="0">
    <subfield code="a">Cowper, William,</subfield>
    <subfield code="d">1731-1800</subfield>
    <subfield code="v">Poetry.</subfield>
  </datafield>
  <datafield tag="700" ind1="0" ind2=" ">
    <subfield code="a">J. F.</subfield>
    <subfield code="e">ed.</subfield>
  </datafield>
  <datafield tag="700" ind1="0" ind2=" ">
    <subfield code="a">J. F.</subfield>
    <subfield code="e">ed.</subfield>
  </datafield>
  <datafield tag="952" ind1=" " ind2=" ">
    <subfield code="a">LAC knj 2019-12-23 update (1 card)</subfield>
  </datafield>
  <datafield tag="952" ind1=" " ind2=" ">
    <subfield code="a">LAC ecr 2020-01-02 review</subfield>
  </datafield>
  <datafield tag="984" ind1=" " ind2=" ">
    <subfield code="a">rsl</subfield>
    <subfield code="d">2019-12-23</subfield>
  </datafield>
  <datafield tag="985" ind1=" " ind2=" ">
    <subfield code="a">rblacfederal</subfield>
    <subfield code="d">20191223</subfield>
  </datafield>
  <datafield tag="985" ind1=" " ind2=" ">
    <subfield code="e">OCLC REPLACEMENT</subfield>
  </datafield>
  <datafield tag="987" ind1=" " ind2=" ">
    <subfield code="b">RBSCDRECON</subfield>
    <subfield code="c">20191223</subfield>
    <subfield code="d">r</subfield>
    <subfield code="f">AUTHORITY WORK NEEDED</subfield>
  </datafield>
  <datafield tag="991" ind1=" " ind2=" ">
    <subfield code="b">c-GenColl</subfield>
    <subfield code="h">PR5205.R6</subfield>
    <subfield code="i">C6</subfield>
    <subfield code="t">Copy 1</subfield>
    <subfield code="w">OCLCREP</subfield>
  </datafield>
</record>