
<record>
  <leader>01765cam a2200421 i 4500</leader>
  <controlfield tag="001">6416263</controlfield>
  <controlfield tag="005">20200102160046.0</controlfield>
  <controlfield tag="008">831122s1837    hiu           001 0 haw  </controlfield>
  <datafield tag="906" ind1=" " ind2=" ">
    <subfield code="a">0</subfield>
    <subfield code="b">cbc</subfield>
    <subfield code="c">premver</subfield>
    <subfield code="d">2</subfield>
    <subfield code="e">ncip</subfield>
    <subfield code="f">19</subfield>
    <subfield code="g">y-genrareb</subfield>
  </datafield>
  <datafield tag="955" ind1=" " ind2=" ">
    <subfield code="a">hc20 2020-01-02</subfield>
    <subfield code="i">hc20 2020-01-02 NEW INPUT</subfield>
  </datafield>
  <datafield tag="035" ind1=" " ind2=" ">
    <subfield code="9">(DLC)   33021335</subfield>
  </datafield>
  <datafield tag="010" ind1=" " ind2=" ">
    <subfield code="a">   33021335 </subfield>
  </datafield>
  <datafield tag="040" ind1=" " ind2=" ">
    <subfield code="a">DLC</subfield>
    <subfield code="b">eng</subfield>
    <subfield code="e">rda</subfield>
    <subfield code="c">DLC</subfield>
    <subfield code="d">DLC</subfield>
  </datafield>
  <datafield tag="041" ind1=" " ind2=" ">
    <subfield code="a">haw</subfield>
    <subfield code="h">und</subfield>
  </datafield>
  <datafield tag="042" ind1=" " ind2=" ">
    <subfield code="a">pcc</subfield>
  </datafield>
  <datafield tag="050" ind1="0" ind2="0">
    <subfield code="a">BV510.H38</subfield>
    <subfield code="b">H56 1837</subfield>
  </datafield>
  <datafield tag="242" ind1="0" ind2="0">
    <subfield code="a">Hymns of praise :</subfield>
    <subfield code="b">spiritual songs for men, children, families, schools, churches, to praise Jehovah, the eternal God.</subfield>
    <subfield code="y">eng</subfield>
  </datafield>
  <datafield tag="245" ind1="0" ind2="0">
    <subfield code="a">Na himeni hoolea :</subfield>
    <subfield code="b">he mau mele ma ka uhane, e hoolea ai na kanaka, na keiki, na ohana, na kula, na ekalesia, ia Iehova, ke Akua e olaʻi.</subfield>
  </datafield>
  <datafield tag="246" ind1="3" ind2=" ">
    <subfield code="a">Hīmeni hoʻoleʻa</subfield>
  </datafield>
  <datafield tag="264" ind1=" " ind2="1">
    <subfield code="a">Honolulu :</subfield>
    <subfield code="b">Ka na misionari mea pai,</subfield>
    <subfield code="c">1837.</subfield>
  </datafield>
  <datafield tag="300" ind1=" " ind2=" ">
    <subfield code="a">viii, 184 pages ;</subfield>
    <subfield code="c">14 cm</subfield>
  </datafield>
  <datafield tag="336" ind1=" " ind2=" ">
    <subfield code="a">text</subfield>
    <subfield code="b">txt</subfield>
    <subfield code="2">rdacontent</subfield>
  </datafield>
  <datafield tag="337" ind1=" " ind2=" ">
    <subfield code="a">unmediated</subfield>
    <subfield code="b">n</subfield>
    <subfield code="2">rdamedia</subfield>
  </datafield>
  <datafield tag="338" ind1=" " ind2=" ">
    <subfield code="a">volume</subfield>
    <subfield code="b">nc</subfield>
    <subfield code="2">rdacarrier</subfield>
  </datafield>
  <datafield tag="500" ind1=" " ind2=" ">
    <subfield code="a">Includes indexes.</subfield>
  </datafield>
  <datafield tag="500" ind1=" " ind2=" ">
    <subfield code="a">Introductory pages signed: &quot;Binamu&quot; (Bingham).</subfield>
  </datafield>
  <datafield tag="500" ind1=" " ind2=" ">
    <subfield code="a">Translated by H. Bingham. See Judd.</subfield>
  </datafield>
  <datafield tag="510" ind1="4" ind2=" ">
    <subfield code="a">Forbes, D.W. Hawaiian national bibliography, 1780-1900,</subfield>
    <subfield code="c">1066</subfield>
  </datafield>
  <datafield tag="510" ind1="4" ind2=" ">
    <subfield code="a">Judd, B. Hawaiian language imprints, 1822-1899,</subfield>
    <subfield code="c">148</subfield>
  </datafield>
  <datafield tag="510" ind1="4" ind2=" ">
    <subfield code="a">Ballou, H.M. Bibliography of books in the Hawaiian language,</subfield>
    <subfield code="c">234</subfield>
  </datafield>
  <datafield tag="650" ind1=" " ind2="0">
    <subfield code="a">Hymns, Hawaiian</subfield>
    <subfield code="v">Texts.</subfield>
  </datafield>
  <datafield tag="700" ind1="1" ind2=" ">
    <subfield code="a">Bingham, Hiram,</subfield>
    <subfield code="d">1789-1869,</subfield>
    <subfield code="e">translator.</subfield>
  </datafield>
  <datafield tag="710" ind1="2" ind2=" ">
    <subfield code="a">Mission Press (Hawaii),</subfield>
    <subfield code="e">publisher.</subfield>
  </datafield>
  <datafield tag="710" ind1="2" ind2=" ">
    <subfield code="a">Hawaiian Imprint Collection (Library of Congress)</subfield>
    <subfield code="5">DLC</subfield>
  </datafield>
  <datafield tag="952" ind1=" " ind2=" ">
    <subfield code="a">LAC snh 2019-10-18 update (1 card)</subfield>
  </datafield>
  <datafield tag="984" ind1=" " ind2=" ">
    <subfield code="a">rsl</subfield>
    <subfield code="d">2019-10-18</subfield>
  </datafield>
  <datafield tag="985" ind1=" " ind2=" ">
    <subfield code="a">rblacfederal</subfield>
    <subfield code="d">20191018</subfield>
  </datafield>
  <datafield tag="991" ind1=" " ind2=" ">
    <subfield code="b">c-GenColl</subfield>
    <subfield code="h">PL6448.1</subfield>
    <subfield code="i">.H5 1837 (Office)</subfield>
    <subfield code="t">Copy 1</subfield>
    <subfield code="w">PREM</subfield>
  </datafield>
</record>