
<record>
  <leader>03563cam a2200505 a 4500</leader>
  <controlfield tag="001">6536294</controlfield>
  <controlfield tag="005">20200102080703.0</controlfield>
  <controlfield tag="008">840608s1705    ne ac         001 0 mul  </controlfield>
  <datafield tag="906" ind1=" " ind2=" ">
    <subfield code="a">7</subfield>
    <subfield code="b">cbc</subfield>
    <subfield code="c">premver</subfield>
    <subfield code="d">1</subfield>
    <subfield code="e">ncip</subfield>
    <subfield code="f">19</subfield>
    <subfield code="g">y-genrareb</subfield>
  </datafield>
  <datafield tag="955" ind1=" " ind2=" ">
    <subfield code="b">he00</subfield>
    <subfield code="i">he07 2010-02-05 NEW INPUT; copy 1 to Rare Bk RR for digitization, 2010-02-05;</subfield>
    <subfield code="i">he07 2013-07-15</subfield>
  </datafield>
  <datafield tag="010" ind1=" " ind2=" ">
    <subfield code="a">   57050625 </subfield>
  </datafield>
  <datafield tag="040" ind1=" " ind2=" ">
    <subfield code="a">DLC</subfield>
    <subfield code="e">dcrmb</subfield>
    <subfield code="c">DLC</subfield>
    <subfield code="d">DLC</subfield>
  </datafield>
  <datafield tag="050" ind1="0" ind2="0">
    <subfield code="a">NK1585</subfield>
    <subfield code="b">.L217 1705</subfield>
  </datafield>
  <datafield tag="051" ind1=" " ind2=" ">
    <subfield code="a">NK1585</subfield>
    <subfield code="b">.L217 1705 Copy 2</subfield>
    <subfield code="c">LC  Copy 2 imperfect: engraved title lacking.  Missing p. 279-[282].</subfield>
  </datafield>
  <datafield tag="066" ind1=" " ind2=" ">
    <subfield code="c">(N</subfield>
    <subfield code="c">(Q</subfield>
  </datafield>
  <datafield tag="100" ind1="1" ind2=" ">
    <subfield code="a">La Feuille, Daniel de.</subfield>
  </datafield>
  <datafield tag="245" ind1="1" ind2="0">
    <subfield code="a">Symbola et emblemata /</subfield>
    <subfield code="c">jussu atque auspiciis sacerrimae Suae Majestatis augustissimi ac serenissimi Imperatoris Moschoviae Magni Domini Czaris, et Magni Ducis Petri Alexeidis ... excusa.</subfield>
  </datafield>
  <datafield tag="246" ind1="1" ind2="5">
    <subfield code="a">Sv̇mvoly i ėmblémata</subfield>
  </datafield>
  <datafield tag="246" ind1="3" ind2=" ">
    <subfield code="a">Sẏmvoly i ėmblémata</subfield>
  </datafield>
  <datafield tag="246" ind1="1" ind2=" ">
    <subfield code="6">880-01</subfield>
    <subfield code="i">Statement from engraved title page:</subfield>
    <subfield code="a">Imperatora moskovskago, velikagō g[oro]dę &quot;T︠S︡[a]rę&quot; i Velikagō Knęzę Petra Alek︠s︡i︠e︡evicha ... napechatany.</subfield>
  </datafield>
  <datafield tag="880" ind1="1" ind2=" ">
    <subfield code="6">246-01/(N</subfield>
    <subfield code="i">Statement from engraved title page:</subfield>
    <subfield code="a">Императора московскаго, великаго̄ г[оро]дѧ &quot;Ц[а]рѧ&quot; и Великаго̄ Кнѧзѧ Петра Алексѣевича ... напечатаны.</subfield>
  </datafield>
  <datafield tag="246" ind1="1" ind2=" ">
    <subfield code="i">Half title:</subfield>
    <subfield code="a">Symbola et emblemata selecta</subfield>
  </datafield>
  <datafield tag="260" ind1=" " ind2=" ">
    <subfield code="a">Amstelaedami :</subfield>
    <subfield code="b">Apud Henricum Wetstenium,</subfield>
    <subfield code="c">anno 1705.</subfield>
  </datafield>
  <datafield tag="300" ind1=" " ind2=" ">
    <subfield code="a">[4], 281, [11] p. :</subfield>
    <subfield code="b">ill., port. ;</subfield>
    <subfield code="c">19 cm. (4to)</subfield>
  </datafield>
  <datafield tag="500" ind1=" " ind2=" ">
    <subfield code="a">Emblem book commissioned by Peter the Great of Russia in eight languages: Russian in Church Slavic characters, Latin, French, Italian, Spanish, Dutch, English, and German.</subfield>
  </datafield>
  <datafield tag="500" ind1=" " ind2=" ">
    <subfield code="a">Rev. ed. of Devises et emblèmes anciennes et modernes by Daniel de La Feuille; anonymous Russian translations of proverbs and Latin index added.</subfield>
  </datafield>
  <datafield tag="500" ind1=" " ind2=" ">
    <subfield code="a">Added engraved illustrated t.p. by Joseph Mulder in Russian, with title &quot;Sv̇mvoly i ėmblémata&quot;, incorporating a portrait of Peter the Great after Sir Godfrey Kneller.</subfield>
  </datafield>
  <datafield tag="500" ind1=" " ind2=" ">
    <subfield code="a">Signatures: pi² A-2N⁴ 2O².</subfield>
  </datafield>
  <datafield tag="500" ind1=" " ind2=" ">
    <subfield code="a">Includes index.</subfield>
  </datafield>
  <datafield tag="500" ind1=" " ind2=" ">
    <subfield code="a">For background and sources on this edition, see &quot;Peter the Great&apos;s Emblem Book,&quot; chapter 1 in Emvlemy i simvoly, 1788 : the first Russian emblem book, ed. by A.R. Hippesley (1989), p. [xiii]-xxxii.</subfield>
  </datafield>
  <datafield tag="561" ind1=" " ind2=" ">
    <subfield code="6">880-02</subfield>
    <subfield code="a">From the library of G.V. Yudin.  LC Copy 1 has LC accession no. 104837 dated 1907 on t.p. verso and bookseller&apos;s label: Antikvarnai︠a︡ knizhnai︠a︡ torgovli︠a︡ P.V. Shibanova, Moskva.</subfield>
    <subfield code="5">DLC</subfield>
  </datafield>
  <datafield tag="880" ind1=" " ind2=" ">
    <subfield code="6">561-02/(N</subfield>
    <subfield code="a">From the library of G.V. Yudin.  LC Copy 1 has LC accession no. 104837 dated 1907 on t.p. verso and bookseller&apos;s label: Антикварная книжная торговля П.В. Шибанова, Москва.</subfield>
    <subfield code="5">DLC</subfield>
  </datafield>
  <datafield tag="650" ind1=" " ind2="0">
    <subfield code="a">Emblems</subfield>
    <subfield code="v">Early works to 1800.</subfield>
  </datafield>
  <datafield tag="655" ind1=" " ind2="7">
    <subfield code="a">Emblem books</subfield>
    <subfield code="z">Netherlands</subfield>
    <subfield code="z">Amsterdam</subfield>
    <subfield code="2">rbgenr</subfield>
  </datafield>
  <datafield tag="655" ind1=" " ind2="7">
    <subfield code="a">Emblem books</subfield>
    <subfield code="y">18th century.</subfield>
    <subfield code="2">rbgenr</subfield>
  </datafield>
  <datafield tag="700" ind1="0" ind2=" ">
    <subfield code="a">Peter</subfield>
    <subfield code="b">I,</subfield>
    <subfield code="c">Emperor of Russia,</subfield>
    <subfield code="d">1672-1725.</subfield>
  </datafield>
  <datafield tag="700" ind1="1" ind2=" ">
    <subfield code="a">Wetstein, Henricus,</subfield>
    <subfield code="e">printer.</subfield>
  </datafield>
  <datafield tag="700" ind1="1" ind2=" ">
    <subfield code="6">880-03</subfield>
    <subfield code="a">Shibanov, P.</subfield>
    <subfield code="q">(Pavel),</subfield>
    <subfield code="d">1864-1935,</subfield>
    <subfield code="e">bookseller.</subfield>
  </datafield>
  <datafield tag="880" ind1="1" ind2=" ">
    <subfield code="6">700-03/(N</subfield>
    <subfield code="a">Шибанов, П.</subfield>
    <subfield code="q">(Павел),</subfield>
    <subfield code="d">1864-1935,</subfield>
    <subfield code="e">bookseller.</subfield>
  </datafield>
  <datafield tag="700" ind1="1" ind2=" ">
    <subfield code="a">La Feuille, Daniel de.</subfield>
    <subfield code="t">Devises et emblèmes anciennes et modernes.</subfield>
  </datafield>
  <datafield tag="710" ind1="2" ind2=" ">
    <subfield code="a">Yudin Collection (Library of Congress)</subfield>
    <subfield code="5">DLC</subfield>
  </datafield>
  <datafield tag="752" ind1=" " ind2=" ">
    <subfield code="a">Netherlands</subfield>
    <subfield code="d">Amsterdam.</subfield>
  </datafield>
  <datafield tag="952" ind1=" " ind2=" ">
    <subfield code="a">Yudin card file project, th22 2009-06-22</subfield>
  </datafield>
  <datafield tag="984" ind1=" " ind2=" ">
    <subfield code="a">rsl</subfield>
    <subfield code="d">2019-09-26</subfield>
  </datafield>
  <datafield tag="991" ind1=" " ind2=" ">
    <subfield code="b">c-RareBook</subfield>
    <subfield code="h">NK1585</subfield>
    <subfield code="i">.L217 1705</subfield>
    <subfield code="t">Copy 1</subfield>
    <subfield code="w">PREM</subfield>
  </datafield>
</record>