
<record>
  <leader>01003cam a2200289u  4500</leader>
  <controlfield tag="001">6797331</controlfield>
  <controlfield tag="005">20200102211746.0</controlfield>
  <controlfield tag="008">840411m19281933xr af         100 0 eng  </controlfield>
  <datafield tag="906" ind1=" " ind2=" ">
    <subfield code="a">0</subfield>
    <subfield code="b">cbc</subfield>
    <subfield code="c">premunv</subfield>
    <subfield code="d">u</subfield>
    <subfield code="e">ncip</subfield>
    <subfield code="f">19</subfield>
    <subfield code="g">y-gencatlg</subfield>
  </datafield>
  <datafield tag="010" ind1=" " ind2=" ">
    <subfield code="a">   04171474 </subfield>
  </datafield>
  <datafield tag="035" ind1=" " ind2=" ">
    <subfield code="9">(DLC)   04171474</subfield>
  </datafield>
  <datafield tag="040" ind1=" " ind2=" ">
    <subfield code="a">DLC</subfield>
    <subfield code="c">CarP</subfield>
    <subfield code="d">DLC</subfield>
  </datafield>
  <datafield tag="043" ind1=" " ind2=" ">
    <subfield code="a">e-ur---</subfield>
  </datafield>
  <datafield tag="050" ind1="0" ind2="0">
    <subfield code="a">N7956</subfield>
    <subfield code="b">.K62</subfield>
  </datafield>
  <datafield tag="100" ind1="1" ind2=" ">
    <subfield code="a">Kondakov, N. P.</subfield>
    <subfield code="q">(Nikodim Pavlovich),</subfield>
    <subfield code="d">1844-1925.</subfield>
  </datafield>
  <datafield tag="245" ind1="1" ind2="4">
    <subfield code="a">The Russian icon ...</subfield>
  </datafield>
  <datafield tag="260" ind1=" " ind2=" ">
    <subfield code="a">Prague,</subfield>
    <subfield code="b">Seminarium Kondakovianum,</subfield>
    <subfield code="c">1928-33.</subfield>
  </datafield>
  <datafield tag="300" ind1=" " ind2=" ">
    <subfield code="a">4 v. in 3.</subfield>
    <subfield code="b">col. fronts. (v. 3-4) illus., plates (part col., mounted)</subfield>
    <subfield code="c">32-44 cm.</subfield>
  </datafield>
  <datafield tag="650" ind1=" " ind2="0">
    <subfield code="a">Icons.</subfield>
  </datafield>
  <datafield tag="650" ind1=" " ind2="0">
    <subfield code="a">Christian art and symbolism.</subfield>
  </datafield>
  <datafield tag="650" ind1=" " ind2="0">
    <subfield code="a">Art</subfield>
    <subfield code="z">Russia.</subfield>
  </datafield>
  <datafield tag="700" ind1="1" ind2=" ">
    <subfield code="a">Bi︠e︡li︠a︡ev, N. M.,</subfield>
    <subfield code="d">-1930. </subfield>
  </datafield>
  <datafield tag="700" ind1="1" ind2=" ">
    <subfield code="a">Minns, Ellis Hovell,</subfield>
    <subfield code="d">1874- </subfield>
    <subfield code="e">tr.</subfield>
  </datafield>
  <datafield tag="711" ind1="2" ind2=" ">
    <subfield code="a">Seminarium Kondakovianum, Prague. </subfield>
  </datafield>
  <datafield tag="740" ind1="0" ind2=" ">
    <subfield code="a">Russkai︠a︡ ikona.</subfield>
  </datafield>
  <datafield tag="985" ind1=" " ind2=" ">
    <subfield code="g">fcd</subfield>
  </datafield>
  <datafield tag="991" ind1=" " ind2=" ">
    <subfield code="b">*</subfield>
    <subfield code="h">N7956</subfield>
    <subfield code="i">.K62</subfield>
    <subfield code="t">Copy 1</subfield>
    <subfield code="m">*</subfield>
    <subfield code="w">PREM</subfield>
  </datafield>
</record>