
<record>
  <leader>01447cam a22003131  4500</leader>
  <controlfield tag="001">6955461</controlfield>
  <controlfield tag="005">20200102124244.0</controlfield>
  <controlfield tag="008">790711s1939    fr af         000 0 fre  </controlfield>
  <datafield tag="906" ind1=" " ind2=" ">
    <subfield code="a">7</subfield>
    <subfield code="b">cbc</subfield>
    <subfield code="c">oclcrpl</subfield>
    <subfield code="d">u</subfield>
    <subfield code="e">ncip</subfield>
    <subfield code="f">19</subfield>
    <subfield code="g">y-gencatlg</subfield>
  </datafield>
  <datafield tag="035" ind1=" " ind2=" ">
    <subfield code="9">(DLC)   49043614</subfield>
  </datafield>
  <datafield tag="010" ind1=" " ind2=" ">
    <subfield code="a">   49043614 </subfield>
  </datafield>
  <datafield tag="035" ind1=" " ind2=" ">
    <subfield code="a">(OCoLC)5156891</subfield>
  </datafield>
  <datafield tag="040" ind1=" " ind2=" ">
    <subfield code="a">DLC</subfield>
    <subfield code="b">eng</subfield>
    <subfield code="c">NcGU</subfield>
    <subfield code="d">DLC</subfield>
  </datafield>
  <datafield tag="042" ind1=" " ind2=" ">
    <subfield code="a">premarc</subfield>
  </datafield>
  <datafield tag="050" ind1="0" ind2="0">
    <subfield code="a">PQ2637.U2</subfield>
    <subfield code="b">P3</subfield>
  </datafield>
  <datafield tag="100" ind1="1" ind2=" ">
    <subfield code="a">Suarès, André,</subfield>
    <subfield code="d">1868-1948.</subfield>
  </datafield>
  <datafield tag="245" ind1="1" ind2="0">
    <subfield code="a">Passion.</subfield>
    <subfield code="b">Eaux-fortes originales en couleurs et bois dessinés</subfield>
    <subfield code="c">par Georges Rouault.</subfield>
  </datafield>
  <datafield tag="260" ind1=" " ind2=" ">
    <subfield code="a">Paris,</subfield>
    <subfield code="b">A. Vollard,</subfield>
    <subfield code="c">1939.</subfield>
  </datafield>
  <datafield tag="300" ind1=" " ind2=" ">
    <subfield code="a">143 p.</subfield>
    <subfield code="b">illus., col. plates.</subfield>
    <subfield code="c">46 cm.</subfield>
  </datafield>
  <datafield tag="500" ind1=" " ind2=" ">
    <subfield code="a">&quot;Justification du tirage: 1 à 245, deux cent quarante-cinq exemplaires sur vergé de Montval. Les exemplaires de 1 à 40 contiennent une suite des états en noir et sont signés de l&apos;artiste. Il a été tiré en outre: I à XXV, vingt-cinq exemplaires hors commerce sur vergé de Montval ... No. 95.&quot;</subfield>
    <subfield code="5">DLC</subfield>
  </datafield>
  <datafield tag="510" ind1="4" ind2=" ">
    <subfield code="a">Library of Congress. Lessing J. Rosenwald collection,</subfield>
    <subfield code="c">2182</subfield>
  </datafield>
  <datafield tag="700" ind1="1" ind2=" ">
    <subfield code="a">Rouault, Georges,</subfield>
    <subfield code="d">1871-1958.</subfield>
  </datafield>
  <datafield tag="710" ind1="2" ind2=" ">
    <subfield code="a">Lessing J. Rosenwald Collection (Library of Congress)</subfield>
    <subfield code="5">DLC</subfield>
  </datafield>
  <datafield tag="952" ind1=" " ind2=" ">
    <subfield code="a">LAC sba 2020-01-02 update (1 card)</subfield>
  </datafield>
  <datafield tag="984" ind1=" " ind2=" ">
    <subfield code="a">rsl</subfield>
    <subfield code="d">2020-01-02</subfield>
  </datafield>
  <datafield tag="985" ind1=" " ind2=" ">
    <subfield code="a">rblacfederal</subfield>
    <subfield code="d">20200102</subfield>
  </datafield>
  <datafield tag="985" ind1=" " ind2=" ">
    <subfield code="e">OCLC REPLACEMENT cdsdistr</subfield>
  </datafield>
  <datafield tag="987" ind1=" " ind2=" ">
    <subfield code="b">RBSCDRECON</subfield>
    <subfield code="c">20200102</subfield>
    <subfield code="d">r</subfield>
    <subfield code="f">CALL NUMBER DISCREPANCY</subfield>
  </datafield>
  <datafield tag="991" ind1=" " ind2=" ">
    <subfield code="b">c-RareBook</subfield>
    <subfield code="h">PQ2637.U2</subfield>
    <subfield code="i">P3</subfield>
    <subfield code="t">Copy 1</subfield>
    <subfield code="m">Rosenwald Coll</subfield>
    <subfield code="w">OCLCREP</subfield>
  </datafield>
</record>