
<record>
  <leader>00866cam a22002411  4500</leader>
  <controlfield tag="001">6966360</controlfield>
  <controlfield tag="005">20200102125631.0</controlfield>
  <controlfield tag="008">851003s1950    no            000 0 nor  </controlfield>
  <datafield tag="906" ind1=" " ind2=" ">
    <subfield code="a">0</subfield>
    <subfield code="b">cbc</subfield>
    <subfield code="c">premunv</subfield>
    <subfield code="d">u</subfield>
    <subfield code="e">ncip</subfield>
    <subfield code="f">19</subfield>
    <subfield code="g">y-gencatlg</subfield>
  </datafield>
  <datafield tag="955" ind1=" " ind2=" ">
    <subfield code="a">reclass ll37 2020-01-02</subfield>
  </datafield>
  <datafield tag="035" ind1=" " ind2=" ">
    <subfield code="9">(DLC)   51031964</subfield>
  </datafield>
  <datafield tag="010" ind1=" " ind2=" ">
    <subfield code="a">   51031964 </subfield>
  </datafield>
  <datafield tag="040" ind1=" " ind2=" ">
    <subfield code="a">DLC</subfield>
    <subfield code="c">CarP</subfield>
    <subfield code="d">DLC</subfield>
  </datafield>
  <datafield tag="043" ind1=" " ind2=" ">
    <subfield code="a">e-no---</subfield>
  </datafield>
  <datafield tag="050" ind1="0" ind2="0">
    <subfield code="a">KKN1415.A311947</subfield>
    <subfield code="b">U48 1950</subfield>
  </datafield>
  <datafield tag="110" ind1="1" ind2=" ">
    <subfield code="a">Norway.</subfield>
    <subfield code="k">Laws, statutes, etc. </subfield>
  </datafield>
  <datafield tag="245" ind1="0" ind2="0">
    <subfield code="a">Ferieloven av 14. november 1947 og føresegner om ferie for sjømenn av 19. mars 1948.</subfield>
  </datafield>
  <datafield tag="250" ind1=" " ind2=" ">
    <subfield code="a">3. økte utg.</subfield>
  </datafield>
  <datafield tag="260" ind1=" " ind2=" ">
    <subfield code="a">Oslo,</subfield>
    <subfield code="b">Tiden norsk forlage</subfield>
    <subfield code="c">[1950]</subfield>
  </datafield>
  <datafield tag="300" ind1=" " ind2=" ">
    <subfield code="a">125 p.</subfield>
    <subfield code="c">21 cm.</subfield>
  </datafield>
  <datafield tag="650" ind1=" " ind2="0">
    <subfield code="a">Vacations, Employee</subfield>
    <subfield code="x">Law and legislation</subfield>
    <subfield code="z">Norway.</subfield>
  </datafield>
  <datafield tag="700" ind1="1" ind2=" ">
    <subfield code="a">Ulsaker, Berger,</subfield>
    <subfield code="d">1904- </subfield>
    <subfield code="e">ed.</subfield>
  </datafield>
  <datafield tag="991" ind1=" " ind2=" ">
    <subfield code="b">c-LL</subfield>
    <subfield code="h">LAW &lt;Europe Norway 4 Vacation 1950&gt;</subfield>
    <subfield code="t">Copy 1</subfield>
    <subfield code="w">PREM</subfield>
  </datafield>
</record>