
<record>
  <leader>00862cam a22002651a 4500</leader>
  <controlfield tag="001">7106089</controlfield>
  <controlfield tag="005">20200102153720.0</controlfield>
  <controlfield tag="008">840613s1971    pl ab    b    001 0 pol  </controlfield>
  <datafield tag="906" ind1=" " ind2=" ">
    <subfield code="a">7</subfield>
    <subfield code="b">cbc</subfield>
    <subfield code="c">oclcrpl</subfield>
    <subfield code="d">u</subfield>
    <subfield code="e">ncip</subfield>
    <subfield code="f">19</subfield>
    <subfield code="g">y-gencatlg</subfield>
  </datafield>
  <datafield tag="035" ind1=" " ind2=" ">
    <subfield code="9">(DLC)   72206674</subfield>
  </datafield>
  <datafield tag="010" ind1=" " ind2=" ">
    <subfield code="a">   72206674 </subfield>
  </datafield>
  <datafield tag="035" ind1=" " ind2=" ">
    <subfield code="a">(OCoLC)10836810</subfield>
  </datafield>
  <datafield tag="040" ind1=" " ind2=" ">
    <subfield code="a">DLC</subfield>
    <subfield code="c">IDeKN</subfield>
    <subfield code="d">DLC</subfield>
  </datafield>
  <datafield tag="042" ind1=" " ind2=" ">
    <subfield code="a">premarc</subfield>
  </datafield>
  <datafield tag="043" ind1=" " ind2=" ">
    <subfield code="a">e-ur---</subfield>
  </datafield>
  <datafield tag="050" ind1="0" ind2="0">
    <subfield code="a">DK40</subfield>
    <subfield code="b">.W63</subfield>
  </datafield>
  <datafield tag="100" ind1="1" ind2=" ">
    <subfield code="a">Wójcik, Zbigniew,</subfield>
    <subfield code="d">1922-2014.</subfield>
  </datafield>
  <datafield tag="245" ind1="1" ind2="0">
    <subfield code="a">Dzieje Rosji, 1533-1801 /</subfield>
    <subfield code="c">Zbigniew Wójcik.</subfield>
  </datafield>
  <datafield tag="260" ind1=" " ind2=" ">
    <subfield code="a">Warszawa :</subfield>
    <subfield code="b">Państwowe Wydawnictwo naukowe,</subfield>
    <subfield code="c">c1971.</subfield>
  </datafield>
  <datafield tag="300" ind1=" " ind2=" ">
    <subfield code="a">392 p. , [2] leaves of plates :</subfield>
    <subfield code="b">ill. , maps ;</subfield>
    <subfield code="c">25 cm.</subfield>
  </datafield>
  <datafield tag="504" ind1=" " ind2=" ">
    <subfield code="a">Bibliography : p. 347-[359].</subfield>
  </datafield>
  <datafield tag="500" ind1=" " ind2=" ">
    <subfield code="a">Includes index.</subfield>
  </datafield>
  <datafield tag="651" ind1=" " ind2="0">
    <subfield code="a">Soviet Union</subfield>
    <subfield code="x">History.</subfield>
  </datafield>
  <datafield tag="985" ind1=" " ind2=" ">
    <subfield code="e">OCLC REPLACEMENT cdsdistr</subfield>
  </datafield>
  <datafield tag="991" ind1=" " ind2=" ">
    <subfield code="b">c-GenColl</subfield>
    <subfield code="h">DK40</subfield>
    <subfield code="i">.W63</subfield>
    <subfield code="p">00033867232</subfield>
    <subfield code="t">Copy 1</subfield>
    <subfield code="w">OCLCREP</subfield>
  </datafield>
</record>