
<record>
  <leader>01252cam a22002771  4500</leader>
  <controlfield tag="001">7302662</controlfield>
  <controlfield tag="005">20200102142935.0</controlfield>
  <controlfield tag="008">830421s1725    enkf          000 0 eng  </controlfield>
  <datafield tag="906" ind1=" " ind2=" ">
    <subfield code="a">0</subfield>
    <subfield code="b">cbc</subfield>
    <subfield code="c">premunv</subfield>
    <subfield code="d">u</subfield>
    <subfield code="e">ncip</subfield>
    <subfield code="f">19</subfield>
    <subfield code="g">y-gencatlg</subfield>
  </datafield>
  <datafield tag="010" ind1=" " ind2=" ">
    <subfield code="a">   15012329 </subfield>
  </datafield>
  <datafield tag="035" ind1=" " ind2=" ">
    <subfield code="9">(DLC)   15012329</subfield>
  </datafield>
  <datafield tag="040" ind1=" " ind2=" ">
    <subfield code="a">DLC</subfield>
    <subfield code="b">eng</subfield>
    <subfield code="c">CarP</subfield>
    <subfield code="d">DLC</subfield>
  </datafield>
  <datafield tag="050" ind1="0" ind2="0">
    <subfield code="a">QC3</subfield>
    <subfield code="b">.B8 1725</subfield>
  </datafield>
  <datafield tag="100" ind1="1" ind2=" ">
    <subfield code="a">Boyle, Robert,</subfield>
    <subfield code="d">1627-1691.</subfield>
  </datafield>
  <datafield tag="245" ind1="1" ind2="4">
    <subfield code="a">The philosophical works of the Honourable Robert Boyle esq.;</subfield>
    <subfield code="b">abridged, methodized, and disposed under the general heads of physics, statics, pneumatics, natural history, chymistry, and medicine. The whole illustrated with notes, containing the improvements made in several parts of natural and experimental knowledge since his time... /</subfield>
    <subfield code="c">By Peter Shaw, M.D.</subfield>
  </datafield>
  <datafield tag="260" ind1=" " ind2=" ">
    <subfield code="a">London,</subfield>
    <subfield code="b">W. and J. Innys [etc.]</subfield>
    <subfield code="c">1725.</subfield>
  </datafield>
  <datafield tag="300" ind1=" " ind2=" ">
    <subfield code="a">3 v.</subfield>
    <subfield code="b">fold. plates.</subfield>
    <subfield code="c">24 cm.</subfield>
  </datafield>
  <datafield tag="650" ind1=" " ind2="0">
    <subfield code="a">Physics</subfield>
    <subfield code="v">Early works to 1800.</subfield>
  </datafield>
  <datafield tag="650" ind1=" " ind2="0">
    <subfield code="a">Chemistry</subfield>
    <subfield code="v">Early works to 1800.</subfield>
  </datafield>
  <datafield tag="650" ind1=" " ind2="0">
    <subfield code="a">Medicine</subfield>
    <subfield code="v">Early works to 1800.</subfield>
  </datafield>
  <datafield tag="700" ind1="1" ind2=" ">
    <subfield code="a">Shaw, Peter,</subfield>
    <subfield code="d">1694-1763,</subfield>
    <subfield code="e">ed.</subfield>
  </datafield>
  <datafield tag="952" ind1=" " ind2=" ">
    <subfield code="a">LAC ecr 2018-11-08 update (1 card)</subfield>
  </datafield>
  <datafield tag="984" ind1=" " ind2=" ">
    <subfield code="a">rsl</subfield>
    <subfield code="d">2018-11-08</subfield>
  </datafield>
  <datafield tag="985" ind1=" " ind2=" ">
    <subfield code="a">rblacfederal</subfield>
    <subfield code="d">20181108</subfield>
  </datafield>
  <datafield tag="985" ind1=" " ind2=" ">
    <subfield code="a">rarebk/pre1801</subfield>
    <subfield code="e">rbc</subfield>
    <subfield code="f">cj10</subfield>
  </datafield>
  <datafield tag="991" ind1=" " ind2=" ">
    <subfield code="b">c-RareBook</subfield>
    <subfield code="h">QC3</subfield>
    <subfield code="i">.B8 1725</subfield>
    <subfield code="t">Copy 1</subfield>
    <subfield code="m">Pre-1801 Coll</subfield>
    <subfield code="w">PREM</subfield>
  </datafield>
</record>