
<record>
  <leader>01691cam a2200385 a 4500</leader>
  <controlfield tag="001">7453937</controlfield>
  <controlfield tag="005">20200102094748.0</controlfield>
  <controlfield tag="008">820930s1936    enkaf         000 0deng  </controlfield>
  <datafield tag="906" ind1=" " ind2=" ">
    <subfield code="a">7</subfield>
    <subfield code="b">cbc</subfield>
    <subfield code="c">premver</subfield>
    <subfield code="d">2</subfield>
    <subfield code="e">ncip</subfield>
    <subfield code="f">19</subfield>
    <subfield code="g">y-gencatlg</subfield>
  </datafield>
  <datafield tag="955" ind1=" " ind2=" ">
    <subfield code="a">vj23 2007-02-09</subfield>
    <subfield code="i">vj23 2007-02-09 NEW INPUT</subfield>
    <subfield code="e">vj23 2007-02-16</subfield>
    <subfield code="e">added copy vj23 2008-06-10</subfield>
  </datafield>
  <datafield tag="035" ind1=" " ind2=" ">
    <subfield code="9">(DLC)   54048249</subfield>
  </datafield>
  <datafield tag="010" ind1=" " ind2=" ">
    <subfield code="a">   54048249 </subfield>
  </datafield>
  <datafield tag="040" ind1=" " ind2=" ">
    <subfield code="a">DLC</subfield>
    <subfield code="c">DLC</subfield>
    <subfield code="d">DLC</subfield>
  </datafield>
  <datafield tag="043" ind1=" " ind2=" ">
    <subfield code="a">e-uk-en</subfield>
  </datafield>
  <datafield tag="050" ind1="0" ind2="0">
    <subfield code="a">PR4856</subfield>
    <subfield code="b">.K5</subfield>
  </datafield>
  <datafield tag="051" ind1=" " ind2=" ">
    <subfield code="a">PR4856</subfield>
    <subfield code="b">.W67 1888 Box 17, folder IX-8 (38-44) (1), item 6</subfield>
    <subfield code="c">Part of gift of Rear Admiral Lloyd H. Chandler, U.S.N., Jan. 4, 1937.</subfield>
  </datafield>
  <datafield tag="110" ind1="2" ind2=" ">
    <subfield code="a">Kipling Society.</subfield>
  </datafield>
  <datafield tag="245" ind1="1" ind2="0">
    <subfield code="a">In memoriam R. K., 18th Jan. 1936.</subfield>
  </datafield>
  <datafield tag="260" ind1=" " ind2=" ">
    <subfield code="a">[London :</subfield>
    <subfield code="b">Raphael Tuck &amp; Son,</subfield>
    <subfield code="c">1936]</subfield>
  </datafield>
  <datafield tag="300" ind1=" " ind2=" ">
    <subfield code="a">[2] leaves, [2] leaves of plates :</subfield>
    <subfield code="b">all ill. ;</subfield>
    <subfield code="c">21 cm.</subfield>
  </datafield>
  <datafield tag="520" ind1="0" ind2=" ">
    <subfield code="a">Two pictures of Kipling&apos;s burial place in the Poets&apos; Corner in Westminster Abbey.</subfield>
  </datafield>
  <datafield tag="500" ind1=" " ind2=" ">
    <subfield code="a">Cover title.</subfield>
  </datafield>
  <datafield tag="500" ind1=" " ind2=" ">
    <subfield code="a">Imprint from blind stamp on last leaf.</subfield>
  </datafield>
  <datafield tag="561" ind1=" " ind2=" ">
    <subfield code="a">LC copy: Gift: Halsted Vander Poel, Dec. 21, 1953.</subfield>
    <subfield code="5">DLC</subfield>
  </datafield>
  <datafield tag="600" ind1="1" ind2="0">
    <subfield code="a">Kipling, Rudyard,</subfield>
    <subfield code="d">1865-1936</subfield>
    <subfield code="x">Monuments</subfield>
    <subfield code="z">England</subfield>
    <subfield code="z">London.</subfield>
  </datafield>
  <datafield tag="700" ind1="1" ind2=" ">
    <subfield code="a">VanderPoel, Halsted B.,</subfield>
    <subfield code="e">donor.</subfield>
    <subfield code="5">DLC</subfield>
  </datafield>
  <datafield tag="710" ind1="2" ind2=" ">
    <subfield code="a">Kipling Collection (Library of Congress)</subfield>
    <subfield code="5">DLC</subfield>
  </datafield>
  <datafield tag="710" ind1="2" ind2=" ">
    <subfield code="a">Chandler Kipling Collection (Library of Congress)</subfield>
    <subfield code="5">DLC</subfield>
  </datafield>
  <datafield tag="952" ind1=" " ind2=" ">
    <subfield code="a">Additional item found in Chandler/Kipling notebooks  Box 17, folder IX-8 (38-44) (1) on lccn 2008570803</subfield>
  </datafield>
  <datafield tag="952" ind1=" " ind2=" ">
    <subfield code="a">LC copy 1 transferred from GenColl to RareBook 6/27/85.</subfield>
  </datafield>
  <datafield tag="952" ind1=" " ind2=" ">
    <subfield code="a">LAC scc 2020-01-02 no edits (1 card)</subfield>
  </datafield>
  <datafield tag="984" ind1=" " ind2=" ">
    <subfield code="a">rsl</subfield>
    <subfield code="d">2020-01-02</subfield>
  </datafield>
  <datafield tag="984" ind1=" " ind2=" ">
    <subfield code="a">gsl</subfield>
  </datafield>
  <datafield tag="985" ind1=" " ind2=" ">
    <subfield code="a">rblacfederal</subfield>
    <subfield code="d">20200102</subfield>
  </datafield>
  <datafield tag="991" ind1=" " ind2=" ">
    <subfield code="b">c-RareBook</subfield>
    <subfield code="h">PR4856</subfield>
    <subfield code="i">.K5</subfield>
    <subfield code="t">Copy 1</subfield>
    <subfield code="w">PREM</subfield>
  </datafield>
</record>