
<record>
  <leader>01248cam a2200349 a 4500</leader>
  <controlfield tag="001">7456761</controlfield>
  <controlfield tag="005">20200102092607.0</controlfield>
  <controlfield tag="008">720417s1955    nyucj    b    001 0beng  </controlfield>
  <datafield tag="906" ind1=" " ind2=" ">
    <subfield code="a">7</subfield>
    <subfield code="b">cbc</subfield>
    <subfield code="c">premver</subfield>
    <subfield code="d">2</subfield>
    <subfield code="e">ncip</subfield>
    <subfield code="f">19</subfield>
    <subfield code="g">y-gencatlg</subfield>
  </datafield>
  <datafield tag="955" ind1=" " ind2=" ">
    <subfield code="a">vj00</subfield>
    <subfield code="i">vj23 2006-12-14 NEW INPUT</subfield>
    <subfield code="e">vj23 2006-12-20</subfield>
  </datafield>
  <datafield tag="035" ind1=" " ind2=" ">
    <subfield code="9">(DLC)   55011329</subfield>
  </datafield>
  <datafield tag="010" ind1=" " ind2=" ">
    <subfield code="a">   55011329 </subfield>
  </datafield>
  <datafield tag="040" ind1=" " ind2=" ">
    <subfield code="a">DLC</subfield>
    <subfield code="c">DLC</subfield>
    <subfield code="d">DLC</subfield>
  </datafield>
  <datafield tag="050" ind1="0" ind2="0">
    <subfield code="a">PR4856</subfield>
    <subfield code="b">.C35</subfield>
  </datafield>
  <datafield tag="082" ind1=" " ind2=" ">
    <subfield code="a">928.2</subfield>
  </datafield>
  <datafield tag="100" ind1="1" ind2=" ">
    <subfield code="a">Carrington, Charles,</subfield>
    <subfield code="d">1897-1990.</subfield>
  </datafield>
  <datafield tag="245" ind1="1" ind2="4">
    <subfield code="a">The life of Rudyard Kipling /</subfield>
    <subfield code="c">by C.E. Carrington.</subfield>
  </datafield>
  <datafield tag="250" ind1=" " ind2=" ">
    <subfield code="a">1st ed.</subfield>
  </datafield>
  <datafield tag="260" ind1=" " ind2=" ">
    <subfield code="a">Garden City, N.Y. :</subfield>
    <subfield code="b">Doubleday,</subfield>
    <subfield code="c">1955.</subfield>
  </datafield>
  <datafield tag="300" ind1=" " ind2=" ">
    <subfield code="a">xxi, 433 p. :</subfield>
    <subfield code="b">ports., geneal. table ;</subfield>
    <subfield code="c">22 cm.</subfield>
  </datafield>
  <datafield tag="504" ind1=" " ind2=" ">
    <subfield code="a">&quot;Chronology of Kipling&apos;s life and work&quot;: p. xiii-xiv. &quot;Sources&quot;: p. 404-406.</subfield>
  </datafield>
  <datafield tag="500" ind1=" " ind2=" ">
    <subfield code="a">Includes index.</subfield>
  </datafield>
  <datafield tag="600" ind1="1" ind2="0">
    <subfield code="a">Kipling, Rudyard,</subfield>
    <subfield code="d">1865-1936.</subfield>
  </datafield>
  <datafield tag="650" ind1=" " ind2="0">
    <subfield code="a">Authors, English</subfield>
    <subfield code="v">Biography.</subfield>
  </datafield>
  <datafield tag="710" ind1="2" ind2=" ">
    <subfield code="a">Kipling Collection (Library of Congress)</subfield>
    <subfield code="5">DLC</subfield>
  </datafield>
  <datafield tag="952" ind1=" " ind2=" ">
    <subfield code="a">LC copy 2 transferred from GenColl to RareBook 6/27/85.</subfield>
  </datafield>
  <datafield tag="952" ind1=" " ind2=" ">
    <subfield code="a">LAC scc 2020-01-02 no edits (1 card)</subfield>
  </datafield>
  <datafield tag="984" ind1=" " ind2=" ">
    <subfield code="a">rsl</subfield>
    <subfield code="d">2020-01-02</subfield>
  </datafield>
  <datafield tag="984" ind1=" " ind2=" ">
    <subfield code="a">gsl</subfield>
  </datafield>
  <datafield tag="985" ind1=" " ind2=" ">
    <subfield code="a">rblacfederal</subfield>
    <subfield code="d">20200102</subfield>
  </datafield>
  <datafield tag="985" ind1=" " ind2=" ">
    <subfield code="e">OCLC REPLACEMENT</subfield>
  </datafield>
  <datafield tag="991" ind1=" " ind2=" ">
    <subfield code="b">c-GenColl</subfield>
    <subfield code="h">PR4856</subfield>
    <subfield code="i">.C35</subfield>
    <subfield code="p">00034489956</subfield>
    <subfield code="t">Copy 1</subfield>
    <subfield code="w">OCLCREP</subfield>
  </datafield>
</record>