
<record>
  <leader>01519cam a22003251  4500</leader>
  <controlfield tag="001">7735064</controlfield>
  <controlfield tag="005">20200102135137.0</controlfield>
  <controlfield tag="007">cr |||||||||||</controlfield>
  <controlfield tag="008">771205s1827    ii            000 0 eng  </controlfield>
  <datafield tag="906" ind1=" " ind2=" ">
    <subfield code="a">7</subfield>
    <subfield code="b">cbc</subfield>
    <subfield code="c">oclcrpl</subfield>
    <subfield code="d">u</subfield>
    <subfield code="e">ncip</subfield>
    <subfield code="f">19</subfield>
    <subfield code="g">y-gencatlg</subfield>
  </datafield>
  <datafield tag="010" ind1=" " ind2=" ">
    <subfield code="a">   05013161 </subfield>
  </datafield>
  <datafield tag="035" ind1=" " ind2=" ">
    <subfield code="9">(DLC)   05013161</subfield>
  </datafield>
  <datafield tag="035" ind1=" " ind2=" ">
    <subfield code="a">(OCoLC)3465949</subfield>
  </datafield>
  <datafield tag="040" ind1=" " ind2=" ">
    <subfield code="a">DLC</subfield>
    <subfield code="c">OC</subfield>
    <subfield code="d">DLC</subfield>
  </datafield>
  <datafield tag="041" ind1="1" ind2=" ">
    <subfield code="a">eng</subfield>
    <subfield code="h">arm</subfield>
  </datafield>
  <datafield tag="050" ind1="0" ind2="0">
    <subfield code="a">DS175</subfield>
    <subfield code="b">.C4</subfield>
  </datafield>
  <datafield tag="100" ind1="1" ind2=" ">
    <subfield code="a">Chʻamchʻyantsʻ, Mikʻayel,</subfield>
    <subfield code="d">1736-1823.</subfield>
  </datafield>
  <datafield tag="240" ind1="1" ind2="0">
    <subfield code="a">Patmutʻiwn Hayotsʻ.</subfield>
    <subfield code="l">English</subfield>
  </datafield>
  <datafield tag="245" ind1="1" ind2="0">
    <subfield code="a">History of Armenia :</subfield>
    <subfield code="b">from B. C. 2247 to the year of Christ 1780, or 1229 of the Armenian era /</subfield>
    <subfield code="c">by Father Michael Chamich ;  translated from the original Armenian, by Johannes Avdall ; to which is appended a continuation of the history by the translator from the year 1780 to the present date.</subfield>
  </datafield>
  <datafield tag="260" ind1=" " ind2=" ">
    <subfield code="a">Calcutta,</subfield>
    <subfield code="b">Printed at Bishop&apos;s college press, by H. Townsend,</subfield>
    <subfield code="c">1827.</subfield>
  </datafield>
  <datafield tag="300" ind1=" " ind2=" ">
    <subfield code="a">2 v.</subfield>
    <subfield code="b">fronts. (fold. map, fold. pl.) fold. pl.</subfield>
    <subfield code="c">22 cm.</subfield>
  </datafield>
  <datafield tag="500" ind1=" " ind2=" ">
    <subfield code="a">A translation of the author&apos;s abridgment (published in 1811) of his History of Armenia (issued originally in 1786 in 3 large quarto vols.) cf. Pref.</subfield>
  </datafield>
  <datafield tag="651" ind1=" " ind2="0">
    <subfield code="a">Armenia</subfield>
    <subfield code="x">History.</subfield>
  </datafield>
  <datafield tag="700" ind1="1" ind2=" ">
    <subfield code="a">Avtaliantz, John.</subfield>
  </datafield>
  <datafield tag="856" ind1="4" ind2="0">
    <subfield code="3">Volume 1</subfield>
    <subfield code="d">amedscd</subfield>
    <subfield code="f">05013161v1</subfield>
    <subfield code="u">https://hdl.loc.gov/loc.amed/amedscd.05013161v1</subfield>
  </datafield>
  <datafield tag="856" ind1="4" ind2="0">
    <subfield code="3">Volume 2</subfield>
    <subfield code="d">amedscd</subfield>
    <subfield code="f">05013161v2</subfield>
    <subfield code="u">https://hdl.loc.gov/loc.amed/amedscd.05013161v2</subfield>
  </datafield>
  <datafield tag="985" ind1=" " ind2=" ">
    <subfield code="a">amed</subfield>
    <subfield code="e">wdl</subfield>
  </datafield>
  <datafield tag="985" ind1=" " ind2=" ">
    <subfield code="a">pmpull</subfield>
    <subfield code="e">scd</subfield>
  </datafield>
  <datafield tag="985" ind1=" " ind2=" ">
    <subfield code="a">amed/amedscd</subfield>
  </datafield>
  <datafield tag="991" ind1=" " ind2=" ">
    <subfield code="b">c-GenColl</subfield>
    <subfield code="h">DS175</subfield>
    <subfield code="i">.C4</subfield>
    <subfield code="t">Copy 1</subfield>
    <subfield code="w">OCLCREP</subfield>
  </datafield>
</record>