
<record>
  <leader>00894cam a22002651  4500</leader>
  <controlfield tag="001">8016446</controlfield>
  <controlfield tag="005">20200102125153.0</controlfield>
  <controlfield tag="008">880109s1966    no           f000 0 nor  </controlfield>
  <datafield tag="906" ind1=" " ind2=" ">
    <subfield code="a">7</subfield>
    <subfield code="b">cbc</subfield>
    <subfield code="c">oclcrpl</subfield>
    <subfield code="d">u</subfield>
    <subfield code="e">ncip</subfield>
    <subfield code="f">19</subfield>
    <subfield code="g">y-gencatlg</subfield>
  </datafield>
  <datafield tag="955" ind1=" " ind2=" ">
    <subfield code="a">reclass ll37 2020-01-02</subfield>
  </datafield>
  <datafield tag="035" ind1=" " ind2=" ">
    <subfield code="9">(DLC)   67087551</subfield>
  </datafield>
  <datafield tag="010" ind1=" " ind2=" ">
    <subfield code="a">   67087551 </subfield>
  </datafield>
  <datafield tag="035" ind1=" " ind2=" ">
    <subfield code="a">(OCoLC)19433344</subfield>
  </datafield>
  <datafield tag="040" ind1=" " ind2=" ">
    <subfield code="a">DLC</subfield>
    <subfield code="c">MnU-L</subfield>
    <subfield code="d">DLC</subfield>
  </datafield>
  <datafield tag="042" ind1=" " ind2=" ">
    <subfield code="a">premarc</subfield>
  </datafield>
  <datafield tag="043" ind1=" " ind2=" ">
    <subfield code="a">e-no---</subfield>
  </datafield>
  <datafield tag="050" ind1="0" ind2="0">
    <subfield code="a">KKN1234</subfield>
    <subfield code="b">.A23 1966</subfield>
  </datafield>
  <datafield tag="110" ind1="1" ind2=" ">
    <subfield code="a">Norway.</subfield>
    <subfield code="b">Konkurranselovkomitéen.</subfield>
  </datafield>
  <datafield tag="245" ind1="1" ind2="0">
    <subfield code="a">Innstilling :</subfield>
    <subfield code="b">Komitée oppnevnt ved kongelig resolusjon av 12. febr. 1960.</subfield>
  </datafield>
  <datafield tag="260" ind1=" " ind2=" ">
    <subfield code="a">Otta :</subfield>
    <subfield code="b">Engers boktr.,</subfield>
    <subfield code="c">1966.</subfield>
  </datafield>
  <datafield tag="300" ind1=" " ind2=" ">
    <subfield code="a">114 p. ;</subfield>
    <subfield code="c">28 cm.</subfield>
  </datafield>
  <datafield tag="500" ind1=" " ind2=" ">
    <subfield code="a">At head of title: Løonus- og prisdepartementet.</subfield>
  </datafield>
  <datafield tag="650" ind1=" " ind2="0">
    <subfield code="a">Competition, Unfair</subfield>
    <subfield code="z">Norway.</subfield>
  </datafield>
  <datafield tag="985" ind1=" " ind2=" ">
    <subfield code="e">OCLC REPLACEMENT cdsdistr</subfield>
  </datafield>
  <datafield tag="991" ind1=" " ind2=" ">
    <subfield code="b">c-LL</subfield>
    <subfield code="h">LAW &lt;Europe Norway 4 Unfair Competition 1966&gt;</subfield>
    <subfield code="t">Copy 1</subfield>
    <subfield code="w">OCLCREP</subfield>
  </datafield>
</record>