
<record>
  <leader>00969cam a22002651  4500</leader>
  <controlfield tag="001">8050208</controlfield>
  <controlfield tag="005">20200102100658.0</controlfield>
  <controlfield tag="008">851003s1972    no            000 0 nor  </controlfield>
  <datafield tag="906" ind1=" " ind2=" ">
    <subfield code="a">0</subfield>
    <subfield code="b">cbc</subfield>
    <subfield code="c">premunv</subfield>
    <subfield code="d">u</subfield>
    <subfield code="e">ncip</subfield>
    <subfield code="f">19</subfield>
    <subfield code="g">y-gencatlg</subfield>
  </datafield>
  <datafield tag="955" ind1=" " ind2=" ">
    <subfield code="a">reclass ll37 2020-01-02</subfield>
  </datafield>
  <datafield tag="035" ind1=" " ind2=" ">
    <subfield code="9">(DLC)   72368791</subfield>
  </datafield>
  <datafield tag="010" ind1=" " ind2=" ">
    <subfield code="a">   72368791 </subfield>
  </datafield>
  <datafield tag="040" ind1=" " ind2=" ">
    <subfield code="a">DLC</subfield>
    <subfield code="c">CarP</subfield>
    <subfield code="d">DLC</subfield>
  </datafield>
  <datafield tag="043" ind1=" " ind2=" ">
    <subfield code="a">e-no---</subfield>
  </datafield>
  <datafield tag="050" ind1="0" ind2="0">
    <subfield code="a">KKN3544.51911</subfield>
    <subfield code="b">.T45 1972</subfield>
  </datafield>
  <datafield tag="110" ind1="1" ind2=" ">
    <subfield code="a">Norway.</subfield>
    <subfield code="k">Laws, statutes, etc. </subfield>
  </datafield>
  <datafield tag="245" ind1="1" ind2="0">
    <subfield code="a">Skattelov for byene av 18, august 1911.</subfield>
    <subfield code="b">Med tilleggslover.</subfield>
  </datafield>
  <datafield tag="250" ind1=" " ind2=" ">
    <subfield code="a">13. kommentarutg.</subfield>
  </datafield>
  <datafield tag="260" ind1=" " ind2=" ">
    <subfield code="a">Oslo,</subfield>
    <subfield code="b">Sem &amp; Stenersen,</subfield>
    <subfield code="c">1972.</subfield>
  </datafield>
  <datafield tag="300" ind1=" " ind2=" ">
    <subfield code="a">xxxix, 856 p.</subfield>
    <subfield code="c">24 cm.</subfield>
  </datafield>
  <datafield tag="650" ind1=" " ind2="0">
    <subfield code="a">Taxation</subfield>
    <subfield code="x">Law and legislation</subfield>
    <subfield code="z">Norway.</subfield>
  </datafield>
  <datafield tag="700" ind1="1" ind2=" ">
    <subfield code="a">Thomle, Jens Edvard,</subfield>
    <subfield code="d">1862-1945, </subfield>
    <subfield code="e">ed.</subfield>
  </datafield>
  <datafield tag="700" ind1="1" ind2=" ">
    <subfield code="a">Bugge, Karl Ludvig,</subfield>
    <subfield code="d">1902- </subfield>
    <subfield code="e">ed.</subfield>
  </datafield>
  <datafield tag="700" ind1="1" ind2=" ">
    <subfield code="a">Skreiberg, Bjørn, </subfield>
    <subfield code="e">ed.</subfield>
  </datafield>
  <datafield tag="991" ind1=" " ind2=" ">
    <subfield code="b">c-LL</subfield>
    <subfield code="h">LAW &lt;Europe Norway 4 Taxation 1972&gt;</subfield>
    <subfield code="t">Copy 1</subfield>
    <subfield code="w">PREM</subfield>
  </datafield>
</record>