
<record>
  <leader>01048cam a2200253u  4500</leader>
  <controlfield tag="001">8084536</controlfield>
  <controlfield tag="005">20200102162632.0</controlfield>
  <controlfield tag="008">830808s1972    yu b          000 0 pol  </controlfield>
  <datafield tag="906" ind1=" " ind2=" ">
    <subfield code="a">0</subfield>
    <subfield code="b">cbc</subfield>
    <subfield code="c">premunv</subfield>
    <subfield code="d">u</subfield>
    <subfield code="e">ncip</subfield>
    <subfield code="f">19</subfield>
    <subfield code="g">y-gencatlg</subfield>
  </datafield>
  <datafield tag="955" ind1=" " ind2=" ">
    <subfield code="u">fg23 2020-01-02</subfield>
    <subfield code="s">fg23 2020-01-02 copy 2 to surplus</subfield>
  </datafield>
  <datafield tag="035" ind1=" " ind2=" ">
    <subfield code="9">(DLC)   74970121</subfield>
  </datafield>
  <datafield tag="010" ind1=" " ind2=" ">
    <subfield code="a">   74970121 </subfield>
  </datafield>
  <datafield tag="040" ind1=" " ind2=" ">
    <subfield code="a">DLC</subfield>
    <subfield code="c">CarP</subfield>
    <subfield code="d">DLC</subfield>
  </datafield>
  <datafield tag="043" ind1=" " ind2=" ">
    <subfield code="a">e-yu---</subfield>
  </datafield>
  <datafield tag="050" ind1="0" ind2="0">
    <subfield code="a">QK489.Y8</subfield>
    <subfield code="b">J68</subfield>
  </datafield>
  <datafield tag="100" ind1="1" ind2=" ">
    <subfield code="a">Jovančević, Milorad. </subfield>
  </datafield>
  <datafield tag="245" ind1="1" ind2="0">
    <subfield code="a">Horologija šumskog drveća i grmlja u dubrovačkom kraju.</subfield>
  </datafield>
  <datafield tag="260" ind1=" " ind2=" ">
    <subfield code="a">Zagreb,</subfield>
    <subfield code="b">Jugoslavenska akademija znanosti i umjetnosti--Razred za prirodne nauke,</subfield>
    <subfield code="c">1972.</subfield>
  </datafield>
  <datafield tag="300" ind1=" " ind2=" ">
    <subfield code="a">204, [1] p. with maps, 4 plates.</subfield>
    <subfield code="c">24 cm.</subfield>
  </datafield>
  <datafield tag="650" ind1=" " ind2="0">
    <subfield code="a">Trees</subfield>
    <subfield code="z">Croatia</subfield>
    <subfield code="z">Dubrovnik region</subfield>
    <subfield code="x">Identification.</subfield>
  </datafield>
  <datafield tag="650" ind1=" " ind2="0">
    <subfield code="a">Shrubs</subfield>
    <subfield code="z">Croatia</subfield>
    <subfield code="z">Dubrovnik region</subfield>
    <subfield code="x">Identification.</subfield>
  </datafield>
  <datafield tag="740" ind1="0" ind2=" ">
    <subfield code="a">Distribution of forest trees and shrubs in the region of Dubrovnik.</subfield>
  </datafield>
  <datafield tag="830" ind1=" " ind2="0">
    <subfield code="a">Anali za šumarstvo,</subfield>
    <subfield code="v">v. 4. </subfield>
  </datafield>
  <datafield tag="991" ind1=" " ind2=" ">
    <subfield code="b">c-GenColl</subfield>
    <subfield code="h">QK489.Y8</subfield>
    <subfield code="i">J68</subfield>
    <subfield code="p">00053546298</subfield>
    <subfield code="t">Copy 1</subfield>
    <subfield code="w">PREM</subfield>
  </datafield>
</record>