
<record>
  <leader>01416cam a2200349u  4500</leader>
  <controlfield tag="001">8150273</controlfield>
  <controlfield tag="005">20200102170445.0</controlfield>
  <controlfield tag="008">851025n        sw            000 0 swe  </controlfield>
  <datafield tag="906" ind1=" " ind2=" ">
    <subfield code="a">0</subfield>
    <subfield code="b">cbc</subfield>
    <subfield code="c">premunv</subfield>
    <subfield code="d">u</subfield>
    <subfield code="e">ncip</subfield>
    <subfield code="f">19</subfield>
    <subfield code="g">y-gencatlg</subfield>
  </datafield>
  <datafield tag="035" ind1=" " ind2=" ">
    <subfield code="9">(DLC)   83753041</subfield>
  </datafield>
  <datafield tag="010" ind1=" " ind2=" ">
    <subfield code="a">   83753041 </subfield>
  </datafield>
  <datafield tag="040" ind1=" " ind2=" ">
    <subfield code="a">DLC</subfield>
    <subfield code="c">CarP</subfield>
    <subfield code="d">DLC</subfield>
  </datafield>
  <datafield tag="050" ind1="1" ind2="0">
    <subfield code="a">M1000</subfield>
  </datafield>
  <datafield tag="100" ind1="1" ind2=" ">
    <subfield code="a">Lindberg, Nils,</subfield>
    <subfield code="d">1933-</subfield>
  </datafield>
  <datafield tag="240" ind1="0" ind2="0">
    <subfield code="a">Orchestra music. Selections. </subfield>
  </datafield>
  <datafield tag="245" ind1="0" ind2="0">
    <subfield code="a">Lapponian suite ;</subfield>
    <subfield code="b">Gånglåt : för spelmän och orkester ; Concerto grosso i dalaton ; As you are [sound recording]</subfield>
  </datafield>
  <datafield tag="260" ind1=" " ind2=" ">
    <subfield code="a">[n.p.] [Sweden]</subfield>
    <subfield code="b">: Bluebell of Sweden, p1982.</subfield>
  </datafield>
  <datafield tag="300" ind1=" " ind2=" ">
    <subfield code="a">p. 1 sound disc. : 33 1/3 rpm, stereo, ; 12 in.</subfield>
  </datafield>
  <datafield tag="650" ind1=" " ind2="0">
    <subfield code="a">Jazz ensemble with orchestra.</subfield>
  </datafield>
  <datafield tag="650" ind1=" " ind2="0">
    <subfield code="a">Violins (5) with orchestra.</subfield>
  </datafield>
  <datafield tag="650" ind1=" " ind2="0">
    <subfield code="a">Concerti grossi.</subfield>
  </datafield>
  <datafield tag="700" ind1="1" ind2=" ">
    <subfield code="a">Wickman, Putte. </subfield>
  </datafield>
  <datafield tag="700" ind1="1" ind2=" ">
    <subfield code="a">Sjökvist, Gustaf,</subfield>
    <subfield code="d">1943-2015.</subfield>
  </datafield>
  <datafield tag="700" ind1="1" ind2="2">
    <subfield code="a">Lindberg, Nils,</subfield>
    <subfield code="d">1933-</subfield>
    <subfield code="t">Lapponian suite. 1982. </subfield>
  </datafield>
  <datafield tag="700" ind1="1" ind2="2">
    <subfield code="a">Lindberg, Nils,</subfield>
    <subfield code="d">1933-</subfield>
    <subfield code="t">Gånglåt. 1982. </subfield>
  </datafield>
  <datafield tag="700" ind1="1" ind2="2">
    <subfield code="a">Lindberg, Nils,</subfield>
    <subfield code="d">1933-</subfield>
    <subfield code="t">Concerto grosso i dalaton. 1982. </subfield>
  </datafield>
  <datafield tag="700" ind1="1" ind2="2">
    <subfield code="a">Lindberg, Nils,</subfield>
    <subfield code="d">1933-</subfield>
    <subfield code="t">As you are. 1982. </subfield>
  </datafield>
  <datafield tag="710" ind1="2" ind2=" ">
    <subfield code="a">Symfoniorkestern Norrköping. </subfield>
  </datafield>
  <datafield tag="740" ind1="0" ind2=" ">
    <subfield code="a">Lapponian suite.</subfield>
  </datafield>
  <datafield tag="740" ind1="0" ind2=" ">
    <subfield code="a">Gånglåt.</subfield>
  </datafield>
  <datafield tag="740" ind1="0" ind2=" ">
    <subfield code="a">Concerto grosso i dalaton.</subfield>
  </datafield>
  <datafield tag="740" ind1="0" ind2=" ">
    <subfield code="a">As you are.</subfield>
  </datafield>
</record>