
<record>
  <leader>01052cam a2200265u  4500</leader>
  <controlfield tag="001">8337007</controlfield>
  <controlfield tag="005">20200102164219.0</controlfield>
  <controlfield tag="008">821223s1936    cau           000 0 eng  </controlfield>
  <datafield tag="906" ind1=" " ind2=" ">
    <subfield code="a">0</subfield>
    <subfield code="b">cbc</subfield>
    <subfield code="c">premunv</subfield>
    <subfield code="d">u</subfield>
    <subfield code="e">ncip</subfield>
    <subfield code="f">19</subfield>
    <subfield code="g">y-gencatlg</subfield>
  </datafield>
  <datafield tag="035" ind1=" " ind2=" ">
    <subfield code="9">(DLC)a  45001267</subfield>
  </datafield>
  <datafield tag="010" ind1=" " ind2=" ">
    <subfield code="a">a  45001267 </subfield>
  </datafield>
  <datafield tag="040" ind1=" " ind2=" ">
    <subfield code="a">DLC</subfield>
    <subfield code="c">CarP</subfield>
    <subfield code="d">DLC</subfield>
  </datafield>
  <datafield tag="050" ind1="0" ind2="0">
    <subfield code="a">M1200.B5</subfield>
    <subfield code="b">F6</subfield>
  </datafield>
  <datafield tag="100" ind1="1" ind2=" ">
    <subfield code="a">Beyer, Johanna Magdalena,</subfield>
    <subfield code="d">1888-1944.</subfield>
  </datafield>
  <datafield tag="245" ind1="0" ind2="0">
    <subfield code="a">IV,</subfield>
  </datafield>
  <datafield tag="260" ind1=" " ind2=" ">
    <subfield code="a">San Francisco, Calif.,</subfield>
    <subfield code="b">New music orchestra series</subfield>
    <subfield code="c">[1936]</subfield>
  </datafield>
  <datafield tag="300" ind1=" " ind2=" ">
    <subfield code="a">27 p.</subfield>
    <subfield code="c">35 cm.</subfield>
  </datafield>
  <datafield tag="650" ind1=" " ind2="0">
    <subfield code="a">Percussion music. </subfield>
  </datafield>
  <datafield tag="700" ind1="1" ind2=" ">
    <subfield code="a">Davidson, Harold G.</subfield>
    <subfield code="q">(Harold Gibson),</subfield>
    <subfield code="d">1893-1959.</subfield>
  </datafield>
  <datafield tag="700" ind1="1" ind2="2">
    <subfield code="a">Green, Ray,</subfield>
    <subfield code="d">1908-1997.</subfield>
    <subfield code="t">Inventories of Casey Jones.</subfield>
  </datafield>
  <datafield tag="700" ind1="1" ind2="2">
    <subfield code="a">Humphrey, Doris,</subfield>
    <subfield code="d">1895-1958.</subfield>
    <subfield code="t">Dance rhythms. </subfield>
  </datafield>
  <datafield tag="700" ind1="1" ind2="2">
    <subfield code="a">Russell, Bill,</subfield>
    <subfield code="d">1905-1992.</subfield>
    <subfield code="t">Dance movements</subfield>
    <subfield code="n">(1933)</subfield>
  </datafield>
  <datafield tag="700" ind1="1" ind2="2">
    <subfield code="a">Strang, Gerald,</subfield>
    <subfield code="d">1908-1983.</subfield>
    <subfield code="t">Percussion music. </subfield>
  </datafield>
  <datafield tag="700" ind1="1" ind2="2">
    <subfield code="a">Riegger, Wallingford,</subfield>
    <subfield code="d">1885-1961.</subfield>
    <subfield code="t">New York. Public library. </subfield>
  </datafield>
  <datafield tag="991" ind1=" " ind2=" ">
    <subfield code="b">c-Music</subfield>
    <subfield code="h">M1200.B5</subfield>
    <subfield code="i">F6</subfield>
    <subfield code="t">Copy 1</subfield>
    <subfield code="w">PREM</subfield>
  </datafield>
</record>