
<record>
  <leader>01917cam a22003133u 4500</leader>
  <controlfield tag="001">8676518</controlfield>
  <controlfield tag="005">20200102122121.0</controlfield>
  <controlfield tag="008">821124s1905    mauacfh       000 0aeng  </controlfield>
  <datafield tag="906" ind1=" " ind2=" ">
    <subfield code="a">7</subfield>
    <subfield code="b">cbc</subfield>
    <subfield code="c">premunv</subfield>
    <subfield code="d">u</subfield>
    <subfield code="e">ncip</subfield>
    <subfield code="f">19</subfield>
    <subfield code="g">y-gencatlg</subfield>
  </datafield>
  <datafield tag="035" ind1=" " ind2=" ">
    <subfield code="9">(DLC)   06024046</subfield>
  </datafield>
  <datafield tag="010" ind1=" " ind2=" ">
    <subfield code="a">   06024046 </subfield>
  </datafield>
  <datafield tag="040" ind1=" " ind2=" ">
    <subfield code="a">DLC</subfield>
    <subfield code="b">eng</subfield>
    <subfield code="c">CarP</subfield>
    <subfield code="d">DLC</subfield>
  </datafield>
  <datafield tag="050" ind1="0" ind2="0">
    <subfield code="a">PR4863</subfield>
    <subfield code="b">.A25</subfield>
  </datafield>
  <datafield tag="100" ind1="1" ind2=" ">
    <subfield code="a">Lamb, Charles,</subfield>
    <subfield code="d">1775-1834.</subfield>
  </datafield>
  <datafield tag="245" ind1="0" ind2="4">
    <subfield code="a">The letters of Charles Lamb, in which many mutilated words and passages have been restored to their original form:</subfield>
    <subfield code="b">with letters never before published and facsimiles of original ms. letters and poems;</subfield>
    <subfield code="c">with an introduction by Henry H. Harper.</subfield>
  </datafield>
  <datafield tag="260" ind1=" " ind2=" ">
    <subfield code="a">Boston,</subfield>
    <subfield code="b">Issued by the Bibliophile Society for members only,</subfield>
    <subfield code="c">1905.</subfield>
  </datafield>
  <datafield tag="300" ind1=" " ind2=" ">
    <subfield code="a">5 v.</subfield>
    <subfield code="b">fronts. (v. 1-3,5) illus., plates, ports., facsims. (part fold.)</subfield>
    <subfield code="c">24 cm. (v. 1: 37 x 23 cm.)</subfield>
  </datafield>
  <datafield tag="500" ind1=" " ind2=" ">
    <subfield code="a">Engr. t.-p. and added t.-p.</subfield>
  </datafield>
  <datafield tag="500" ind1=" " ind2=" ">
    <subfield code="a">&quot;Four hundred and fifty-three copies of this work on Dutch hand-made paper, and ten copies on Japanese vellum, have been printed for members. Three complimentary copies have been issued for Mr. Bixby, and one each for Doctor Richard Garnett, Mr. E.V. Lucas, Mrs. Colonel Leigh Hunt, and Mr. Bertram Lippincott.&quot;</subfield>
  </datafield>
  <datafield tag="500" ind1=" " ind2=" ">
    <subfield code="a">Vol. 1 in white vellum paper boards in brown paper case, has frontispiece (port.) in two states, and contains introduction (77 p.) and facsimiles of 21 letters, etc., with notes by Dr. Garnett. Vols.2-5 are in brown paper borads and contain the printed letters.</subfield>
  </datafield>
  <datafield tag="600" ind1="1" ind2="0">
    <subfield code="a">Lamb, Charles,</subfield>
    <subfield code="d">1775-1834</subfield>
    <subfield code="v">Correspondence.</subfield>
  </datafield>
  <datafield tag="650" ind1=" " ind2="0">
    <subfield code="a">Authors, English</subfield>
    <subfield code="y">19th century</subfield>
    <subfield code="v">Correspondence.</subfield>
  </datafield>
  <datafield tag="700" ind1="1" ind2=" ">
    <subfield code="a">Harper, Henry Howard,</subfield>
    <subfield code="d">1871-1953,</subfield>
    <subfield code="e">ed.</subfield>
  </datafield>
  <datafield tag="700" ind1="1" ind2=" ">
    <subfield code="a">Garnett, Richard,</subfield>
    <subfield code="d">1835-1906.</subfield>
  </datafield>
  <datafield tag="710" ind1="2" ind2=" ">
    <subfield code="a">Bibliophile Society (Boston, Mass.)</subfield>
  </datafield>
  <datafield tag="952" ind1=" " ind2=" ">
    <subfield code="a">LAC scc 2020-01-02 update (2 cards)</subfield>
  </datafield>
  <datafield tag="984" ind1=" " ind2=" ">
    <subfield code="a">rsl</subfield>
    <subfield code="d">2020-01-02</subfield>
  </datafield>
  <datafield tag="985" ind1=" " ind2=" ">
    <subfield code="a">rblacfederal</subfield>
    <subfield code="d">20200102</subfield>
  </datafield>
  <datafield tag="991" ind1=" " ind2=" ">
    <subfield code="b">c-GenColl</subfield>
    <subfield code="h">PR4863</subfield>
    <subfield code="i">.A25</subfield>
    <subfield code="t">Copy 1</subfield>
    <subfield code="w">PREM</subfield>
  </datafield>
</record>